2714 4912
572 329 705 398 *⁸74
748 357 795 380 ..-

23 533 24 536 =
144 490 383 559 conversionem
404 487 547 591 panisuet
567 487 631 554 vini
651 488 685 555 in
707 504 833 556 comem
853 496 886 554 et
899 486 1085 580 sanguinem
1099 484 1227 572 Christi,

143 579 184 647 de
206 581 410 648 conversione
431 574 507 644 mah
528 578 611 644 servi
631 578 664 645 in
686 575 784 644 hlium
806 575 896 660 Dei,
910 577 1046 669 denique
1066 578 1226 667 inquit'tu

143 693 223 751 eras,
252 666 309 736 sed
337 691 406 737 eras
433 676 525 733 vetus
552 676 710 748 creatura;
743 673 911 758 postqu‘am
943 677 1148 735 consecratus
1183 689 1226 755 es,

142 780 227 826 nova
248 768 391 826 creatura
413 779 484 823 esse
506 756 644 846 coepisti.
676 755 833 824 Eusebius
848 749 1017 823 Emisenos
1039 754 1080 823 de
1102 752 1225 840 codem,

142 857 173 914 te
194 848 310 935 ipsum,
331 847 440 936 inquit,
460 846 632 936 interroga3
660 867 679 912 a
707 844 814 911 salutis
840 848 893 911 nia
920 847 1107 913 intrinsecus
1136 866 1223 939 mpr-

87 989 90 1002 .
141 945 216 1003 tuus
238 936 397 1017 exulabas,
419 932 520 1001 subito
540 936 678 1001 initiatus
701 933 816 1002 Christi
836 933 975 1026 legibus,
1002 933 1042 1001 de
1065 932 1129 1002 srlio
1151 956 1223 1025 per·

142 1024 267 1094 ditionis
286 1024 455 1117 adoptivus
477 1023 541 1092 Dei
563 1022 627 1090 [ieri
654 1026 809 1106 meruisti,
846 1048 884 1091 ac
912 1021 1078 1091 sichomo
1110 1023 1225 1093 Christi

141 1111 222 1180 filius
244 1117 374 1181 effectus
403 1125 450 1181 est
479 1122 511 1181 et
532 1112 674 1181 Chn'stus
695 1115 728 1179 in
749 1112 883 1180 hominis
904 1123 1011 1180 mente
1031 1114 1222 1199 formatus.‘¹)

141 1238 186 1252 —-
209 1204 299 1271 Sicut
320 1204 502 1270 Ambrosius
525 1203 662 1291 scripsit:
693 1201 732 1270 de
753 1224 835 1294 pane
863 1201 897 1268 fit
924 1218 997 1270 caro
1021 1201 1154 1270 Christi:
1182 1204 1224 1279 ita

139 1292 173 1359 in
195 1291 397 1383 sequentibus
419 1291 459 1359 dc
480 1290 575 1372 malo,
597 1292 709 1382 inquit,
738 1312 829 1359 servo
858 1294 960 1358 factus
988 1299 1035 1358 est
1061 1290 1166 1359 bonus
1187 1290 1221 1357 fi-

139 1379 218 1461 lius3
241 1393 272 1448 et
294 1382 374 1448 sicut
394 1379 436 1446 ibi
458 1379 633 1469 putandum
653 1403 717 1448 non
733 1391 789 1462 est,
812 1380 979 1470 absumpta
995 1403 1065 1448 esse
1079 1404 1136 1470 per
1151 1403 1220 1449 cor·

138 1473 318 1558 ruptionem
340 1469 472 1537 sub'ecti
493 1485 610 1558 corpus
631 1469 684 1536 vel
705 1472 843 1537 arrimam
865 1473 956 1552 servi,
978 1471 1034 1560 qui
1053 1471 1154 1536 iactate
1179 1479 1222 1537 cst

139 1555 231 1642 filius,
252 1562 294 1626 ita
316 1581 376 1625 nec
396 1495 449 1625 hic
471 1558 647 1648 putandum
670 1569 728 1641 est,
748 1558 920 1656 deperiisse
941 1580 1067 1648 panem·
1113 1558 1220 1624 raub-

136 1648 210 1737 jecti
237 1649 477 1737 corruptionem.
520 1647 596 1714 Non
625 1646 774 1714 dissimile
801 1646 878 1714 illud
907 1658 967 1729 est,
997 1671 1060 1736 quo
1110 1648 1220 1714 totiens

141 1735 264 1804 dicitur:
294 1736 334 1803 de
356 1735 454 1804 Saule
484 1739 584 1805 iactus
613 1747 661 1802 est
681 1735 818 1818 Paulus,
847 1734 933 1826 quod
960 1758 1071 1802 revera
1099 1736 1220 1802 nonnisi

138 1837 285 1907 manente
307 1824 448 1914 subjecto
470 1834 536 1890 tam
558 1826 682 1890 animae
706 1848 803 1916 quam
830 1826 970 1914 corporis
996 1823 1062 1890 fieri
1084 1827 1219 1913 potuit‘)

139 1914 188 1965 -ss‘
207 1914 330 1999 Quodsi
358 1913 543 1995 constituae,
570 1914 701 1980 ‘vivente
736 1913 843 1981 Tullio
876 1923 971 2004 atque
1000 1909 1151 1994 Catilina,
1184 1912 1219 1980 de

138 2000 424 2093 contemporalibus
451 2000 554 2069 dicere
583 2000 722 2092 aliquem
749 2002 838 2070 verbi
865 2005 978 2093 gratia:
1008 1999 1143 2069 -Laehus
1178 2009 1220 2068 est

136 2092 282 2161 facundia
304 2089 438 2172 Tullius,
461 2089 624 2182 Cethegus
649 2092 847 2181 improbitate
876 2089 1025 2173 Catilina,
1053 2094 1150 2158 ctiam
1179 2091 1220 2157 sic

138 2180 284 2250 Laehum
307 2202 378 2248 esse
401 2180 560 2248 constabit
583 2189 679 2336 atquc
702 2181 889 2271 Cethegum,
911 2185 972 2247 nec
994 2190 1118 2247 tantum
1139 2179 1216 2248 Lae·
1250 2180 1252 2184 ⁴

136 2271 224 2354 lium,
248 2270 303 2338 sed
326 2267 408 2336 sicut
426 2268 590 2349 constabit
641 2268 757 2336 aelium
771 2267 917 2337 bachum
932 2292 1003 2335 esse
1018 2292 1165 2360 persona,
1178 2272 1217 2336 ita

137 2359 289 2429 constabit
316 2359 425 2438 etiam,
454 2359 561 2448 ipsum
583 2357 727 2434 Laelium
756 2378 828 2426 esse
849 2359 1038 2426 Ciceronem
1059 2380 1127 2426 non
1148 2380 1216 2449 per·

137 2471 225 2529 sona,
247 2446 304 2514 sed
325 2444 479 2529 facundia,
502 2448 529 2513 si
552 2467 663 2513 vuum
687 2458 743 2530 est,
764 2445 921 2529 bachum,
941 2449 997 2538 qui
1019 2459 1096 2530 erat,
1125 2471 1162 2516 se
1181 2445 1219 2515 de

135 2536 314 2607 infacundis
342 2532 445 2602 studio
473 2537 646 2602 mutavisse
666 2537 700 2604 in
720 2535 938 2623 facundiamf)
965 2571 1010 2587 --
1038 2537 1104 2605 Per
1125 2538 1217 2604 urire·

136 2626 246 2696 culum
269 2624 346 2692 dicis
365 2623 425 2692 ista
453 2622 535 2707 fieri,
550 2658 552 2665 s
565 2624 762 2693 admirationi
795 2626 916 2705 deberi3
944 2624 1050 2702 varius
1080 2625 1219 2705 discissos,

136 2717 177 2783 ad
198 2717 343 2806 injuriam
372 2725 403 2781 et
432 2724 649 2805 contemptum
677 2714 755 2796 Dei,
783 2713 835 2782 vel
863 2724 899 2781 ut
925 2713 1023 2780 verba
1044 2712 1217 2806 pouamli

135 2806 310 2895 bugarstini,
332 2821 388 2894 per·
409 2803 563 2893 flagitium
585 2802 637 2869 vel
659 2800 780 2868 lacinus
801 2812 861 2869 ista
881 2801 963 2885 lieri,
990 2827 1052 2871 nec
1082 2800 1216 2871 admira*

135 2897 212 2961 tioni
233 2893 339 2960 deberi
360 2893 420 2961 nisi
442 2891 482 2957 ad
504 2898 721 2982 contemptum
744 2892 981 2959 admirationem
1006 2895 1153 2981 accipias.
1176 2926 1216 2943 -υ

135 2978 172 3051 Si
199 2983 286 3048 enim
311 2981 352 3046 ad
379 2981 512 3072 gloriam
541 2977 605 3047 Dei
634 2982 779 3070 pertinet,
812 2980 898 3070 qued
918 2980 1006 3047 dicit
1040 2981 1216 3071 apostolus:

130 3090 222 3139 mers
243 3069 286 3138 illi
307 3070 388 3146 ultra
410 3090 475 3137 non
497 3068 716 3150 dominabitur,
738 3068 823 3158 quod
844 3068 925 3150 dicit,
948 3072 1006 3136 etsi
1027 3093 1217 3139 noveramus

135 3160 298 3226 Christum
320 3158 495 3226 secundum
517 3178 656 3240 caraem,
677 3156 733 3231 sed
745 3162 812 3248 jam
828 3161 1073 3240 monuerimus,
1097 3172 1129 3227 et
1142 3160 1216 3229 bea·

134 3258 186 3315 tus
207 3248 408 3316 Ambrosiust
432 3245 578 3315 Christus
595 3249 662 3336 jam
684 3245 799 3312 vulnus
822 3247 936 3313 sentire
958 3271 1023 3322 non
1045 3261 1164 3339 potest,
1180 3247 1217 3316 ad

135 3347 353 3428 contemptum
374 3336 426 3404 vel
446 3339 591 3426 injuriam
614 3333 677 3401 Dei
698 3333 804 3401 valere
825 3358 958 3403 necesse
980 3341 1041 3418 est,
1067 3340 1157 3429 quod
1184 3350 1216 3405 tu

135 3445 231 3508 erras,
250 3427 415 3516 ¹veritatem
437 3424 547 3492 Deum
570 3447 589 3490 a
611 3422 753 3491 fidehbus
775 3426 840 3491 suis
855 3427 989 3516 exigere,
1012 3437 1048 3492 ut
1061 3431 1215 3496 mention·

52 3552 53 3555 π
134 3525 195 3596 tur,
217 3514 448 3605 portiunculam
470 3514 581 3594 carnis,
605 3534 865 3602 quae-nunquam
885 3525 957 3582 ante
974 3514 1216 3585 celebrationem

133 3622 264 3670 mensae
275 3602 449 3672 dominicae
464 3602 620 3684 exstiterit,
634 3603 666 3669 in
677 3602 883 3670 celebratione
896 3627 1025 3671 mensae
1040 3604 1215 3673 dominicae

134 3702 210 3760 tunc
231 3695 369 3782 primum
392 3695 540 3761 exsistere
554 3695 700 3783 coeperit,
724 3713 794 3759 esse
808 3691 848 3759 de
858 3692 975 3761 Christi
993 3715 1134 3789 corpere,
1158 3718 1212 3762 cu·

131 3786 184 3875 jus
205 3780 293 3850 nulla
315 3783 443 3849 omnino
466 3799 540 3871 pars
560 3782 669 3872 negari
689 3784 802 3872 possit,
829 3804 886 3871 per
913 3780 998 3849 mille
1020 3791 1054 3846 et
1080 3783 1216 3874 amplius

132 3882 216 3939 retro
244 3893 343 3937 annos
373 3873 532 3952 exstitisse.
566 3904 610 3920 ·-
642 3870 727 3939 Vere
759 3872 870 3940 dicitur
899 3867 1047 3960 angelum
1072 3870 1153 3939 lucis
1180 3897 1216 3941 se

133 3958 362 4052 transfigurare,
385 3959 458 4116 quia
481 3959 590 4040 dixisti,
619 3962 710 4049 quasi
735 3983 799 4027 non
826 3967 934 4025 contra
962 3961 1137 4040 veritatem
1158 3984 1216 4050 per

133 4049 286 4118 miracula
307 4051 365 4115 ista
408 4051 467 4114 eri:
496 4048 536 4116 da
565 4048 604 4115 de
631 4045 791 4137 propheta,
819 4045 858 4113 de
880 4047 1031 4137 apostolo,
1054 4049 1093 4114 de
1114 4071 1213 4118 evan-

134 4138 243 4296 gelista
264 4137 371 4205 lecum
393 4137 545 4228 aliquem,
571 4137 656 4204 unde
683 4137 969 4205 manifestissimum
997 4140 1049 4219 sit,
1077 4138 1120 4202 ita
1155 4138 1212 4207 de»

157 4248 209 4294 erc
232 4228 337 4294 sentiri
358 4227 398 4293 de
420 4226 569 4295 sacrificio
591 4223 700 4315 pepuli
721 4224 897 4309 Christiani,
918 4237 954 4294 ut
970 4249 1035 4296 non
1050 4228 1084 4294 in
1098 4227 1213 4309 eofsibi

134 4315 442 4407 constetsubjectum
454 4317 559 4410 panis,
574 4317 624 4407 iao
635 4315 844 4400 mandacium,
862 4313 959 4386 verba
975 4319 1034 4386 iata
1052 4326 1117 4400 tua,
1134 4338 1211 4389 non

1102 4525 1125 4592 ⁵
1171 4538 1243 4669 tbi
