2714 4912
572 361 853 428 ‘-1d·-··

187 504 220 576 '-
290 542 363 587 rum
387 519 500 611 jubeas
528 528 624 610 grege
652 521 812 585 numerari
840 539 898 607 per
926 505 1087 586 Christum
1115 520 1282 588 dominum

289 617 465 676 nostrum.“

291 694 718 873 berttmbttmt
735 694 1282 874 trrr³¹¹trttttratsut⁵2

493 835 501 866 a
718 836 726 867 7
844 832 864 877 ,a
1266 827 1280 845 ⁴

289 874 385 942 bilem
431 877 574 942 efacere
597 874 757 965 digneres,
785 882 820 938 ut
841 873 931 939 nobis
958 897 1075 963 corpus
1098 884 1130 941 et
1152 879 1283 966 sanguis

290 964 343 1031 fiat
363 964 391 1030 d‘
407 964 553 1031 ectissimi
573 961 626 1030 lilii
647 965 701 1046 tui,
723 963 842 1030 domini
862 964 960 1028 nostri
981 965 1061 1030 Jesu
1082 963 1227 1030 Chr-ism

332 1051 417 1136 „Qui
431 1053 539 1141 pridie,
551 1076 648 1142 quam
663 1061 830 1142 pateretur,
842 1053 963 1141 accepit
977 1048 1140 1139 panemi'n
1156 1065 1281 1122 sanctas

290 1152 322 1208 et
343 1140 539 1208 venerabiles
561 1164 675 1208 manus
697 1165 786 1222 suas,
815 1150 847 1207 et
874 1138 1004 1207 elevatis
1028 1140 1127 1208 oculis
1148 1145 1181 1209 in
1204 1167 1279 1210 coe-

288 1229 356 1305 lum
379 1231 420 1297 ad
442 1230 490 1297 Te
512 1229 621 1297 Deum
644 1241 766 1318 patrem
789 1252 884 1297 suum
914 1233 1177 1322 omnipotentem,
1209 1232 1281 1301 Tibi

288 1322 403 1410 gratias
425 1343 531 1410 agens,
553 1319 718 1400 benedixit,
741 1322 839 1410 fregit,
863 1318 947 1385 dedit
969 1318 1129 1409 discipulis
1151 1322 1218 1387 suis
1233 1322 1279 1388 di·

288 1431 379 1477 cens:
408 1411 538 1497 accipite
569 1432 606 1476 ac
635 1408 822 1477 manducate
846 1431 886 1475 ex
907 1406 970 1476 hoc
992 1432 1117 1490 omnes,
1140 1407 1209 1478 boc
1231 1421 1280 1478 est

286 1499 371 1565 enim
393 1521 509 1586 corpus
531 1506 667 1564 meum.“

331 1585 457 1668 „Simili
485 1586 578 1653 modo
600 1597 770 1676 postquam
792 1599 960 1653 coenatum
983 1595 1039 1666 est,
1068 1588 1228 1675 accipiens
1249 1599 1280 1654 et

288 1674 374 1743 bunc
401 1674 598 1764 praeclarum
632 1675 763 1743 calicem
798 1678 831 1741 in
865 1684 989 1741 sanctas
1025 1685 1057 1740 et
1083 1675 1280 1744 venerabiles

288 1788 413 1844 manus,
432 1766 509 1831 item
533 1763 605 1830 Tibi
627 1766 742 1855 gratias
765 1786 872 1855 agens,
895 1763 1070 1846 benedixit,
1100 1764 1198 1846 dedit,
1221 1765 1277 1832 de-

287 1853 331 1919 dit
359 1852 518 1941 discipulis
555 1855 619 1918 suis
650 1853 772 1920 dicens:
810 1854 941 1940 accipite
970 1863 1000 1919 st
1027 1853 1121 1920 bibite
1150 1874 1190 1920 ex
1216 1854 1279 1921 hoe

286 1965 405 2010 omnes.
448 1942 508 2008 Hic
531 1951 581 2008 est
601 1943 686 2008 enim
708 1939 791 2009 calix
812 1942 972 2033 sanguinis
995 1944 1059 2009 mei
1079 1945 1154 2010 novi
1175 1953 1206 2010 et
1222 1967 1277 2010 ae·

285 2033 365 2099 terni
386 2032 578 2112 testamenti,
606 2032 792 2120 mysterium
818 2030 905 2110 fidei,
936 2031 1021 2120 quod
1050 2054 1108 2120 pro
1135 2031 1225 2098 vobis
1248 2043 1279 2099 et

263 2187 266 2194 ,
286 2143 345 2209 pro
366 2117 472 2187 multis
488 2120 655 2189 effunditur
676 2122 708 2187 in
723 2122 942 2187 remissionem
957 2131 1168 2208 peccatorum.
1190 2122 1276 2189 Haec

286 2211 535 2300 quotiescunque
557 2211 699 2291 feceritis,
720 2211 753 2276 in
775 2212 838 2275 mei
860 2212 1048 2276 memoriam
1069 2212 1215 2277 facietis.“

328 2300 453 2387 „Supra
476 2321 559 2387 quae
580 2299 713 2386 propitio
735 2322 773 2364 ac
787 2321 899 2364 sereno
920 2297 1009 2365 vultu
1029 2301 1186 2387 respicere
1209 2300 1274 2391 dig-

284 2389 369 2454 neris
391 2397 423 2451 et
446 2396 575 2475 accepta
596 2386 723 2469 habere,
746 2389 836 2454 sicuti
851 2398 982 2476 accepta
996 2387 1113 2455 habere
1129 2388 1277 2480 dignatus

285 2498 320 2542 es
341 2497 474 2542 munera
496 2477 587 2563 pueri
608 2478 653 2542 tui
671 2478 748 2568 justi
772 2474 858 2557 Abel,
882 2487 913 2543 et
935 2475 1121 2544 sacrificium
1144 2481 1276 2567 patriar-

285 2562 365 2631 chae
386 2567 484 2631 nostn‘
504 2563 658 2646 Abrahae,
703 2565 766 2632 uod
783 2565 855 2633 Tibi
874 2563 985 2632 obtulit
1006 2588 1153 2633 summus
1172 2590 1277 2635 saeer-

285 2653 343 2719 dos
363 2664 471 2719 noster
484 2652 694 2722 Melchisedec
738 2665 882 2722 sanctum
905 2652 1100 2737 sacrificium,
1122 2657 1277 2728 immacu-

252 2808 258 2820 ,
284 2740 382 2810 latam
404 2742 567 2810 hostiam.“

329 2830 421 2898 Unde
451 2841 482 2896 et
508 2853 667 2898 memores
694 2856 820 2913 sumus,
847 2831 1003 2913 Domine,
1031 2855 1091 2899 nos
1119 2834 1166 2900 tui
1187 2838 1276 2918 servi,

285 2909 340 2987 sed
363 2928 394 2986 et
415 2917 505 3009 plebs
526 2930 581 2986 tua
604 2931 719 3002 saresta,
743 2921 858 2988 Christi
880 2920 933 2988 filii
947 2915 993 2988 tui
1007 2920 1070 2989 Dei
1084 2925 1192 3005 nostri,
1213 2934 1276 2991 tam

283 3006 395 3075 beatae
416 3010 578 3098 passionis,
599 3032 659 3077 nee
681 3033 746 3077 non
768 3010 807 3077 ab
828 3012 935 3078 inferis
955 3013 1201 3093 resurrectionis,
1223 3012 1276 3081 sed

285 3106 317 3163 et
337 3097 370 3164 in
391 3096 497 3168 caelos
520 3096 674 3188 gloriosae
697 3099 909 3167 adscensionis
923 3101 1084 3165 offerimus
1099 3101 1276 3191 praeclarae

287 3186 438 3275 Majestati
460 3196 541 3268 tuae,
563 3187 603 3255 de
625 3190 686 3255 tuis
708 3188 798 3256 donis
820 3198 853 3255 et
871 3187 966 3255 datis:
989 3187 1136 3256 Hostiam
1155 3215 1275 3281 puram,

143 3362 149 3368 ¹
283 3273 435 3355 „hostiam
458 3287 607 3358 sanctam,
629 3276 763 3344 hostiam
784 3276 1035 3358 immaculatam,
1064 3302 1180 3368 panem
1202 3304 1274 3349 san-

265 3373 370 3433 'otum
392 3366 474 3432 vitae
497 3376 641 3435 aeternae
664 3376 695 3433 et
716 3365 847 3433 calicem
869 3365 977 3434 salutis
1023 3378 1178 3458 erpetuae.

328 3452 516 3543 „Supplices
532 3455 580 3523 Te
595 3479 755 3547 rogamus,
779 3457 864 3523 omni
888 3467 978 3523 otens
992 3390 1094 3537 beas,
1110 3458 1182 3527 'ube
1197 3457 1277 3527 haec

284 3546 414 3631 perferri
435 3566 493 3632 per
515 3567 629 3612 marrus
652 3546 750 3611 sancti
779 3478 886 3633 angeli
912 3542 975 3621 Tui
1003 3547 1035 3612 in
1063 3481 1199 3613 sublime
1230 3547 1274 3615 al-

284 3641 351 3699 tare
373 3631 482 3699 Tuum
516 3633 549 3699 in
577 3642 784 3722 conspectum
819 3634 943 3701 divinae
978 3636 1147 3724 majestatis
1176 3635 1277 3718 Tuae,

283 3731 327 3801 ut,
372 3732 505 3812 uotquot
526 3724 558 3789 in
580 3720 640 3789 hac
663 3721 768 3789 altaris
783 3724 1022 3811 participatione
1039 3736 1277 3792 sacrosanctum

281 3808 335 3878 filii
387 3812 420 3878 ui
441 3834 496 3878 cor
519 3834 557 3876 us
579 3821 611 3877 et
626 3813 812 3900 sanguinem
835 3814 1049 3890 sumserimus,
1073 3815 1160 3879 omni
1174 3813 1271 3882 bene-

282 3899 417 3967 dictione
441 3833 560 3966 coelisti
575 3910 607 3965 et
627 3902 725 3990 gratia
741 3900 930 3989 repleamur,
952 3899 1164 3988 pereundam
1180 3903 1270 3972 Chri·

281 3999 366 4055 stum
387 3987 552 4053 dominum
573 3997 743 4054 nostrum.“

326 4076 504 4159 „Memento
522 4077 626 4157 etiam,
645 4075 795 4158 Domine,
810 4075 1001 4144 famulorum
1017 4077 1272 4167 famularumque

281 4176 407 4234 tuarum
435 4163 476 4232 N.
505 4175 537 4232 et
564 4163 605 4230 N.
635 4166 688 4255 qui
718 4189 777 4232 nos
804 4176 1045 4254 praecesserunt
1079 4189 1153 4236 cum
1181 4167 1271 4258 signo

282 4252 354 4321 fidei
382 4265 415 4323 et
436 4252 595 4323 dormiunt
622 4257 654 4322 in
684 4277 796 4321 somno
825 4256 926 4343 pacis,
954 4258 1041 4345 ipsis,
1063 4256 1217 4338 Domine,
1241 4268 1273 4323 et

281 4342 428 4413 omnibus
448 4346 481 4413 in
496 4343 622 4415 Christo
645 4343 889 4435 quiescentibus,
909 4343 1019 4417 locum
1038 4346 1199 4436 refrigerii,
1219 4344 1269 4414 lu-
