2714 4912
500 351 720 420 -235-

57 525 90 571 att
107 521 180 570 annis
204 516 436 578 sane'octineentis
458 525 605 577 exaratum,
632 520 658 567 in
682 531 731 576 uuo
754 521 911 571 continentur
933 527 1054 580 opuscula
1076 527 1134 584 duos

56 594 163 653 primum
181 595 211 639 de
230 601 332 650 corpore
350 599 374 639 et
397 593 520 649 sangnine
543 589 647 650 domiui,
669 595 825 647 subsequens
839 596 878 642 de
901 597 1134 659 praedestinatione,

57 660 119 717 iliud
138 664 219 724 unico,
237 669 285 711 troc
302 667 397 711 dachus
415 664 485 710 tibris
504 654 645 708 constans“
668 681 702 693 ·—
726 669 774 723 „et
792 666 858 712 certe
874 666 994 721 scripturn
1012 681 1070 715 esse
1087 672 1135 716 sun

57 736 131 784 duem
149 746 217 790 saec.
235 734 279 782 ix.
302 736 378 783 tacite
403 736 492 781 suadet
515 734 572 788 ipsa
589 733 737 789 scriptorum
755 735 845 795 torma,
869 749 934 791 uuae
959 739 1057 784 omnino
1079 740 1133 785 Ra-

58 806 148 852 teernni
164 806 273 853 aetatem
290 808 364 865 sepit,
384 817 431 851 nec
449 804 546 863 ducito,
571 805 630 858 cuin
651 805 675 851 is
693 806 749 860 ipse
767 807 800 852 sit
818 807 911 867 codex,
934 818 987 863 pao
1009 821 1072 857 usus
1094 816 1135 858 est

57 879 201 937 herigerus,
221 881 277 933 etus
294 879 345 925 teci
363 880 440 923 uitas
457 876 483 922 in
500 875 547 921 dne
565 886 634 923 saec.
652 879 682 923 X.
718 881 759 923 lix
779 875 819 922 nis
834 888 925 937 magna
941 882 1013 928 nodis
1031 884 1134 937 praeiu-

58 949 123 995 dicia
142 955 284 1008 suppetunt,
302 940 501 995 ita'trstnnum
519 958 595 993 esse
612 953 776 997 attctorrrn
793 947 883 1006 iibri,
902 955 1135 1003 nuemsutrncmine

57 1019 199 1065 Bertranrni
221 1019 409 1078 circumierunt,
439 1017 552 1065 nimirum
575 1019 641 1072 cuod
665 1018 690 1064 in
717 1018 802 1066 codice
829 1020 965 1066 inaudiensi
991 1031 1134 1077 pervetusto
1199 1021 1202 1026 “

57 1090 222 1137 Retramni
240 1089 408 1145 praeterat
425 1100 521 1146 nomen,
541 1089 606 1142 cuod
625 1089 779 1147 continentes
797 1090 824 1134 tn
842 1091 929 1136 eodem
947 1094 1030 1138 codice
1043 1098 1134 1142 hebeat

58 1161 182 1216 gerruinos
199 1162 277 1205 tidros
296 1160 358 1205 duos
376 1160 405 1205 de
422 1160 656 1219 praedestinatione,
675 1161 718 1214 uui
736 1161 845 1206 omnium
858 1173 982 1208 consensu
999 1165 1136 1212 ttatremno

58 1226 249 1282 conscribuntur
273 1231 383 1290 auctori,
406 1232 472 1284 duod
494 1232 600 1286 doninus
618 1231 755 1288 florigeras
777 1241 908 1286 utrumuaa
931 1244 995 1287 opus
1017 1235 1067 1290 ipsi
1089 1237 1153 1281 tri--

56 1305 128 1357 huet.
164 1302 209 1349 itis
227 1302 290 1347 eddo
308 1302 370 1357 styti
387 1301 571 1349 similitudinem
589 1306 614 1373 et
632 1303 755 1349 scribendi
768 1314 848 1358 genus
863 1315 919 1350 cnm
936 1304 993 1351 aiiis
1007 1307 1137 1363 ltatramnt

42 1373 176 1428 operibus
194 1373 378 1419 convenientem
393 1379 439 1419 eet.
450 1363 515 1419 ect.“
540 1373 590 1420 cui
600 1374 693 1427 judicio
708 1375 797 1427 iusto
817 1372 846 1420 ci.
865 1385 931 1428 pute
950 1375 1067 1421 disseruit
1079 1379 1136 1423 Ar-

58 1445 161 1490 nauid
178 1446 204 1488 ia
220 1442 359 1499 perperene
381 1445 401 1489 i.
424 1441 451 1490 2.
471 1443 628 1497 iddd-d't.
647 1445 689 1499 uhi
706 1444 742 1490 its
761 1443 875 1499 opinione
893 1448 1063 1502 praejudicata
1080 1445 1137 1495 duct

58 1514 214 1572 intelligitur,
238 1520 265 1559 nt
287 1514 497 1568 ipss-menteris
521 1515 605 1569 eterni
628 1527 677 1561 non
695 1518 809 1574 horreat,
833 1520 903 1563 vetut
920 1529 944 1572 p.
966 1518 1046 1564 1⁰86:
1070 1521 1137 1578 „Car

57 1585 110 1636 t'en
127 1597 158 1629 ne
176 1590 265 1631 trouve
283 1585 353 1640 point
371 1596 419 1639 pue
437 1597 562 1640 personae
579 1587 616 1632 ait
634 1585 704 1642 perti
723 1587 754 1631 de
771 1587 917 1633 Burtrnmne
935 1595 1012 1635 avant
1025 1589 1138 1645 sigebert

56 1656 103 1708 qui
121 1655 256 1711 conposett
274 1667 320 1701 son
337 1656 402 1702 livre
420 1657 464 1703 des
483 1657 609 1703 derivatas
628 1650 835 1711 ecclesiasticum
853 1659 958 1706 environ
977 1651 1069 1706 111111ι
1088 1663 1137 1715 rit-¹

55 1731 141 1772 tamen
158 1728 292 1772 deibertus
316 1727 346 1771 de
364 1729 500 1773 netramno
519 1734 707 1788 commemoret,
732 1729 776 1782 uui
794 1729 826 1774 Α.
845 1729 906 1775 991.
932 1731 1028 1776 demum
1050 1730 1139 1777 summi

54 1796 180 1854 pontidcts
198 1797 317 1852 dignitate
335 1803 472 1844 exornatus
491 1804 539 1859 cst,
560 1805 655 1846 antea
673 1810 749 1845 vero
767 1799 856 1847 tibrum
873 1801 904 1847 de
922 1812 1025 1857 corpore
1038 1807 1063 1848 et
1077 1811 1138 1850 stn-

55 1867 132 1924 gains
149 1868 240 1914 domini
257 1869 366 1923 scripsit.

129 1933 152 1997 i)
172 1939 332 1987 mendicatus
350 1941 417 1985 Acte
433 1943 460 1987 S.
479 1944 505 1986 s.
524 1940 570 1985 w.
589 1941 614 1987 9.
633 1952 657 1995 p.
676 1940 719 1987 dt.

127 2004 159 2070 11)
179 2009 299 2065 neserga
316 2008 420 2077 histoire
439 2010 469 2055 de
486 2008 584 2064 l'riaiise
603 2022 626 2066 p.
645 2011 707 2056 934.
726 2011 769 2055 dd.
788 2011 832 2057 32.

550 2156 579 2243 t.
603 2159 655 2224 ro.

149 2280 216 2366 Qui
236 2277 363 2372 quidem
384 2279 574 2366 nanneno)
600 2278 679 2347 liber
707 2278 789 2371 regis
818 2279 925 2349 Caroli
952 2279 1032 2349 calvi
1050 2287 1142 2374 jussu

57 2372 218 2440 cornicetus
240 2394 305 2437 non
328 2369 495 2450 carnalem,
519 2369 574 2437 sed
596 2367 787 2460 spiritualem
802 2372 1010 2461 praesentiam
1026 2371 1143 2443 domini

57 2463 133 2528 satis
153 2459 238 2527 clare
261 2458 360 2541 docet,
382 2460 423 2524 iia
445 2469 560 2540 tamen,
583 2469 619 2524 ut
640 2458 798 2527 interdum
820 2458 986 2527 aLuthero
1006 2461 1045 2528 ud
1064 2463 1139 2535 Cul-¹

58 2550 123 2617 vini
157 2549 328 2616 sententiae
362 2545 594 2615 similitudinem
624 2547 791 2633 accedant)
836 2549 1029 2638 Argumenta
1054 2576 1141 2637 vero,

58 2638 174 2798 puibm
194 2638 380 2705 senientiam
401 2659 494 2705 suam
516 2638 649 2726 scriptor
672 2635 826 2703 affirmare
840 2636 967 2720 studuit,
990 2636 1030 2704 ad
1046 2640 1142 2707 verbe

82 2751 138 2796 aec
161 2737 247 2793 sunt:
449 2747 452 2751 ·

149 2815 227 2898 „ilie
254 2816 357 2907 penis,
388 2815 443 2903 qui
471 2836 528 2905 per
549 2811 667 2881 Christi
695 2810 828 2882 verbum
858 2822 889 2879 ei
914 2811 1141 2887 ordinationem

60 2929 124 2974 usu
143 2904 281 2997 legitimo
299 2903 414 2972 Christi
435 2910 550 2992 corpus
574 2913 630 2985 esi,
652 2901 737 2968 atiud
757 2902 893 2969 exoenus
907 2900 1053 2969 humanis
1068 2927 1141 2970 een·

62 2997 148 3064 sibus
176 2993 322 3076 ostendit,
351 3003 382 3059 et
408 2991 492 3058 uliud
518 2993 646 3059 interius
674 2990 813 3058 fidelium
834 2989 991 3058 mentibus
1019 2991 1141 3058 clamat

63 3083 208 3152 Eximius
221 3083 358 3175 ¹quidem
385 3083 491 3173 punis,
520 3080 606 3171 quod
629 3091 720 3147 antea
741 3083 755 3147 i
776 3078 811 3162 ⁶,
841 3082 942 3147 torma
964 3080 1140 3168 praetendi·

63 3185 128 3256 1111,
157 3173 244 3241 color
271 3170 456 3252 ostenditur,
485 3191 579 3260 sapor
607 3171 764 3260 accipitur.
808 3169 865 3236 Ast
892 3167 1020 3235 interius
1046 3168 1142 3274 longe

64 3261 155 3345 eliud,
176 3262 276 3330 multo
299 3259 463 3354 pretiosius
478 3259 643 3348 multoque
658 3255 858 3325 excellentius
870 3255 1044 3323 iniirnatur:
1067 3282 1142 3348 qma

63 3351 208 3433 coeleste,
232 3351 305 3440 quia
327 3349 467 3417 111νὶ1111111
487 3348 506 3414 1.
529 3373 555 3415 e.
579 3346 695 3416 Christi
716 3370 772 3414 cor
794 3369 832 3412 us
854 3345 1033 3427 ostenditur,
1056 3345 1142 3435 quod

64 3464 128 3511 non
150 3441 291 3507 sensibus
313 3438 422 3520 carnis
444 3436 500 3504 sed
522 3436 672 3504 animae
693 3371 824 3503 fideiis
846 3437 987 3509 contuita
1009 3431 1141 3526 adspici-

64 3540 124 3614 tur,
144 3531 302 3620 accipitur,
321 3524 503 3594 comeditur.
530 3521 650 3593 Vmum
665 3546 801 3615 quoque,
817 3522 903 3614 quod
918 3519 1033 3592 Christi
1046 3525 1142 3599 verbo

65 3629 97 3688 et
118 3617 310 3686 ordinatione
325 3614 440 3684 Chn'sii
460 3616 620 3706 sanguinis
641 3615 771 3682 efficitur
791 3623 1032 3695 sacramentum,
1058 3611 1143 3681 ahud

63 3708 192 3776 interius
214 3708 357 3775 continet
403 3702 489 3789 Quid
510 3703 594 3771 enim
622 3701 706 3769 aliud
733 3700 912 3792 superficie,
940 3726 1038 3792 quum
1066 3702 1141 3770 sub-

65 3796 179 3865 stantia
198 3796 262 3863 uitri
284 3789 466 3862 coniicitur?
488 3792 597 3873 Gusta,
618 3794 728 3862 vinum
754 3792 842 3882 sapit,
871 3787 1012 3872 odorare,
1034 3791 1144 3857 vinum

66 3882 194 3965 redolet,
215 3884 341 3975 inspice,
362 3883 427 3950 vini
449 3880 537 3948 color
558 3883 701 3948 cernitur.
743 3880 784 3948 At
803 3879 931 3948 interius
952 3880 979 3947 si
1001 3878 1143 3946 conside·

66 3997 127 4057 res,
147 3975 214 4063 jam
235 3994 299 4038 non
320 3972 423 4062 liquor
443 3968 516 4052 vini,
545 3966 601 4035 sed
620 3968 724 4060 liquor
751 3966 912 4061 sanguinis
935 3968 1049 4036 Christi
1074 3989 1144 4035 crc-

68 4061 209 4131 dentium
224 4061 393 4142 mentibus,-
412 4073 443 4128 ei
457 4057 547 4151 sapit,
566 4055 642 4125 dum
657 4068 808 4149 gustatur,
822 4068 855 4126 et
864 4047 910 4124 ‘ex
926 4054 1057 4125 odoratu
1067 4078 1144 4213 pro·

67 4150 168 4233 benur,
191 4161 223 4219 ci
244 4152 431 4240 agnoscitur,
453 4148 530 4216 dnm
552 4148 750 4240 conspicitur.
793 4145 882 4215 Haec
904 4146 947 4211 ita
969 4169 1048 4226 esse,
1090 4169 1147 4213 una

67 4263 163 4310 nemo
186 4248 290 4332 potest
311 4236 475 4328 abnegare,
507 4237 603 4305 claret
624 4234 711 4329 quod
731 4237 821 4330 punis
841 4233 894 4301 ille
914 4234 1087 4325 vinumque
1100 4235 1148 4303 ii·

68 4327 259 4423 gurutesi)
283 4326 399 4398 Christi
419 4334 536 4420 corpus
558 4337 591 4396 et
607 4327 739 4420 stupris
765 4325 946 4480 8111151111Ῐέο
964 4322 1041 4406 Non
1069 4325 1152 4401 emin
1174 4322 1185 4348 '
