2714 4912
418 380 444 417 η
547 384 590 399 -··
636 345 678 413 15
723 383 766 396 -

209 511 256 665 plis
282 516 314 574 et
339 462 506 664 psshut
530 501 697 594 indulgeas
724 503 946 594 deprecamur,
973 529 1031 596 per
1059 510 1196 578 eundem

232 619 292 664 om.
313 619 342 663 n.
385 646 391 660 .
465 604 509 661 r.“

229 762 233 783 ,
254 685 373 767 „Nobis
395 706 524 775 quoque
547 680 775 770 peecatoribus,
794 682 918 750 famulis
939 686 1011 770 ruis,
1034 687 1075 753 de
1089 686 1195 754 multi-

210 775 317 843 tudine
338 776 575 841 miserationum
598 769 743 854 Tuarum
765 774 969 859 sperantibus,
995 787 1117 863 partem
1140 777 1198 844 ali-

211 888 308 956 quam
331 873 363 931 et
383 864 566 929 societatem
587 859 705 926 donare
727 859 863 951 digneris
879 886 960 930 cum
983 864 1061 931 Tuis
1085 870 1200 932 sanctis

128 1023 131 1031 ,
212 952 363 1044 apostolis
398 961 431 1017 ct
467 949 659 1039 martyribus·
688 953 771 1040 (seq.
799 953 943 1036 nomina)
985 965 1017 1019 et
1053 955 1199 1023 omnibus

211 1044 336 1111 Sanctis
354 1041 443 1121 Tuis,
463 1041 542 1106 intra
565 1062 702 1129 quorum
723 1062 782 1106 nos
804 1044 999 1106 consortium
1019 1065 1082 1110 non
1105 1047 1197 1111 aesti-

211 1131 452 1285 matolrlrmpriti,
479 1127 536 1195 sed
557 1130 669 1197 veniae
693 1152 888 1220 quaesumus
915 1128 1044 1222 largitor
1073 1133 1201 1201 admitte

237 1219 296 1285 .C
335 1268 341 1282 .
385 1228 461 1285 .n.“

213 1243 237 1308 p
257 1309 341 1389 ,Ter
354 1330 449 1397 quem
464 1306 544 1374 haec
562 1309 677 1388 omnia,
693 1306 841 1389 Domine,
863 1331 992 1397 semper
1004 1308 1088 1393 bona
1103 1330 1202 1390 creas,

216 1396 396 1481 sanctificas,
418 1396 552 1464 virificas
575 1407 606 1463 et
626 1396 786 1463 benedicis
808 1407 840 1463 et
861 1409 1002 1485 praestas
1018 1398 1122 1479 nobis;
1145 1421 1202 1488 per

213 1488 317 1574 ipsum
345 1495 377 1551 et
405 1509 480 1552 curn
500 1489 571 1574 ipso
594 1487 679 1552 etin
699 1487 767 1574 ipso
792 1497 839 1552 est
861 1487 933 1553 Tibi
954 1489 1034 1575 patri
1056 1491 1202 1577 omnipo·
1238 1492 1241 1499 '

213 1576 304 1656 tenti,
331 1576 364 1640 in
386 1577 504 1643 unitate
526 1575 653 1663 spiritus
675 1576 781 1655 sancti,
804 1578 906 1640 omnis
928 1575 1030 1643 honor
1052 1587 1082 1642 et
1104 1577 1203 1668 gloria

211 1686 270 1753 per
291 1665 396 1731 omnia
417 1662 545 1731 saecula
568 1661 778 1730 saeculorum.
822 1662 952 1730 'Amenf‘

354 1766 357 1772 ’
475 1755 628 1843 (sequitur
649 1754 748 1819 oratio
772 1753 948 1840 dominica.)

263 1841 428 1932 „Sanguis
456 1842 575 1908 domini
601 1844 699 1909 nostri
727 1843 755 1909 J.
779 1842 853 1909 Chr.
882 1842 1039 1912 custodiat
1064 1844 1204 1910 animam

215 1953 322 1996 meam
342 1932 376 1996 in
396 1932 494 1996 vitam
516 1942 684 1996 aeternam.
729 1931 859 1998 Amen.“

260 2019 407 2107 „Corpus
435 2018 553 2099 Tuum,
581 2018 735 2100 Domine,
764 2020 849 2108 quod
871 2023 985 2102 sumsi,
1007 2032 1040 2088 et
1063 2023 1202 2111 sanguis,

219 2131 316 2199 quem
344 2109 465 2196 potavi,
494 2106 664 2174 adhaereat
690 2108 862 2175 visceribus
890 2104 983 2191 meis,
1012 2120 1044 2175 et
1071 2121 1206 2197 praesta,

154 2283 157 2291 Ι
215 2208 253 2263 ut
272 2199 306 2263 in
327 2219 382 2262 me
399 2219 464 2263 non
478 2207 641 2263 remaneat
654 2195 813 2264 scelerum
828 2195 964 2279 macida,
987 2221 1084 2288 quem
1099 2209 1206 2265 saneta

218 2297 249 2353 et
293 2309 351 2351 ura
371 2288 549 2353 reiecerunt
569 2294 793 2353 sacramenta.“

262 2309 359 2459 duod
381 2398 435 2441 ore
456 2377 628 2442 sumsimus
643 2374 791 2456 Domine,
813 2385 1021 2463 puramente
1043 2377 1207 2464 capiamus

218 2475 250 2531 et
277 2465 318 2530 de
345 2487 478 2532 munere
500 2463 664 2554 temporali
691 2464 746 2532 fiat
772 2465 862 2532 nobis
888 2465 1066 2532 remedium
1088 2468 1206 2554 sempi-

216 2561 370 2621 temum.“
507 2604 508 2607 η
705 2619 707 2622 ⁴

264 2641 415 2725 „Placeat
429 2641 510 2724 Tibi,
533 2640 641 2708 sanct'a
665 2642 817 2724 Trinitas,
844 2640 907 2708 hoc
930 2642 1118 2731 obsequium
1140 2665 1207 2707 ser-

218 2733 325 2799 vitutis
345 2755 452 2813 meae,
481 2742 512 2798 et
533 2741 672 2820 praesta,
702 2740 737 2797 ut
758 2731 962 2812 sacrificium,
993 2730 1079 2820 quod
1109 2728 1240 2795 oculis¹

220 2820 312 2888 Tuae
333 2822 504 2887 ma'estatis
526 2845 543 2887 e
568 2844 586 2886 o
607 2820 755 2912 indignus
779 2818 885 2901 obtuli,
907 2821 946 2885 sit
969 2818 1024 2910 Tej
1040 2820 1210 2901 miserante

220 2847 425 3064 propitiabile,
446 2932 512 2999 per.
536 2846 610 2976 dar.
634 2910 662 2975 d.
684 2933 714 2975 n.
736 2910 866 2977 Amen.“

250 3008 284 3064 st
298 3023 374 3066 vero
401 3002 430 3066 is
458 3021 559 3066 canon
581 3000 744 3085 missae00)
771 3021 836 3065 non
864 3022 896 3065 a
913 2998 1064 3089 Gregorio
1092 3018 1209 3087 magno
1317 3008 1320 3015 '

132 3089 293 3177 exipsius
314 3090 520 3175 testimoniof)
548 3089 750 3176 compositus,
772 3087 829 3155 sed
850 3111 914 3155 non
941 3085 1018 3154 nihil
1038 3093 1209 3171 mutatussst

132 3180 265 3269 ejusque
288 3180 470 3245 auctoritate
493 3175 709 3258 confirmatus,
738 3176 816 3243 adeo
846 3176 885 3244 ab
907 3178 958 3257 iis,
989 3176 1043 3265 qui
1063 3173 1108 3242 illi
1135 3199 1208 3241 suc-

134 3277 310 3347 cesserunt,
344 3265 540 3354 pontificibus
567 3264 726 3333 nonnrdlis
752 3265 831 3333 locis
858 3263 1042 3332 inculcatus.
1070 3303 1114 3314 —-
1148 3264 1211 3329 Cui

135 3356 250 3431 canoni
272 3356 299 3420 si
320 3357 509 3422 conferimus
532 3380 578 3437 ea,
602 3379 684 3445 quac
706 3358 738 3422 in
759 3357 858 3444 ipsius
874 3353 989 3440 librisl)
1006 3354 1045 3419 de
1062 3375 1099 3418 ea
1114 3375 1149 3416 re
1165 3348 1211 3416 le-

136 3455 261 3538 guntur,
284 3466 325 3508 ex
348 3444 492 3534 Gregorii
513 3448 664 3511 sententia
687 3443 884 3511 Eucharistia
913 3440 1072 3510 offerenda
1094 3439 1210 3506 sacrifi-

135 3536 220 3603 cium
243 3531 360 3601 Christi
381 3533 422 3603 ad
436 3532 500 3600 Dei
520 3536 605 3600 viam
628 3532 815 3622 placandam
836 3535 990 3614 renovari,
1011 3534 1054 3597 ita
1076 3540 1111 3598 ut
1133 3554 1209 3599 ean-

135 3621 210 3689 dem
232 3624 307 3703 vim,
330 3620 612 3712 quamsalvatoris
638 3624 671 3688 in
693 3645 822 3688 crucem
851 3622 965 3688 sublati
991 3619 1212 3688 acerbissimae
1282 3638 1286 3643 '

136 3713 243 3792 morti,
272 3712 428 3802 ejusmodi
455 3713 662 3778 caerimoniae
687 3712 841 3792 tribuerit,
868 3708 1046 3779 luculenter
1073 3719 1211 3799 apparet.
1297 3793 1300 3797 .

137 3800 241 3889 Atque
262 3800 295 3867 in
318 3824 356 3867 ea
377 3825 413 3868 re
436 3799 474 3867 ab
495 3801 545 3881 iis,
566 3804 620 3890 qui
641 3811 714 3868 ante
735 3825 769 3868 se
792 3803 951 3882 vixerunt,
978 3797 1210 3885 ecclcsiae-pa-

136 3887 235 3957 tribus
268 3892 466 3976 potissimum
501 3889 659 3970 dissensit,
695 3886 780 3978 qubd
811 3914 876 3957 nou
911 3915 945 3957 cr
968 3914 986 3957 a
1012 3887 1076 3954 Dei
1107 3887 1214 3975 pietati

137 3979 286 4067 sitneque
306 3981 536 4059 sanctimoniae,
557 4000 640 4068 quae
660 3977 701 4043 ad
717 3977 889 4046 oblationes
902 3915 1106 4046 ceTebrandas
1122 3998 1211 4041 com·
1292 4049 1295 4056 ,

139 4076 313 4147 moverent,
334 4066 391 4132 sed
411 4067 486 4134 solis
505 4067 615 4135 ritibus
634 4069 809 4134 maximum
828 4070 964 4157 pretinm
979 4067 1090 4132 statuit.
1121 4063 1212 4149 Quae

140 4157 293 4222 sententia
315 4156 465 4238 omnium,
488 4182 570 4261 quae
592 4166 702 4246 postca
723 4167 790 4225 orta
812 4169 894 4240 sunt,
922 4157 1100 4247 opiniorum
1121 4177 1211 4223 com·

141 4255 321 4313 mentorum
347 4244 436 4334 origo
461 4247 557 4314 fulsse
583 4245 772 4337 perhibetur.
823 4245 910 4315 Nam
938 4270 1013 4315 cum
1043 4267 1094 4324 ea,
1130 4267 1212 4334 quae

142 4333 335 4426 Augustinus
354 4334 535 4425 conjectura
556 4338 682 4426 assequi
699 4335 872 4419 studuerat,
892 4336 932 4403 de
952 4339 1026 4426 igne
1040 4345 1112 4424 post
1125 4355 1211 4399 mor-
