<?xml version="1.0" encoding="UTF-8"?>
<!DOCTYPE html PUBLIC "-//W3C//DTD XHTML 1.0 Transitional//EN"
    "http://www.w3.org/TR/xhtml1/DTD/xhtml1-transitional.dtd">
<html xmlns="http://www.w3.org/1999/xhtml" xml:lang="en" lang="en">
 <head>
  <title>
</title>
<meta http-equiv="Content-Type" content="text/html;charset=utf-8" />
  <meta name='ocr-system' content='tesseract 3.04.00' />
  <meta name='ocr-capabilities' content='ocr_page ocr_carea ocr_par ocr_line ocrx_word'/>
</head>
<body>
  <div class='ocr_page' id='page_1' title='image "./deerroribusquia00reutgoog_0028.png"; bbox 0 0 2714 4912; ppageno 0'>
   <div class='ocr_carea' id='block_1_1' title="bbox 560 361 779 429">
    <p class='ocr_par' dir='ltr' id='par_1_1' title="bbox 560 361 779 429">
     <span class='ocr_line' id='line_1_1' title="bbox 560 361 779 429; baseline 0 -18"><span class='ocrx_word' id='word_1_1' title='bbox 560 361 779 429; x_wconf 71' lang='grc'>..13-</span> 
     </span>
    </p>
   </div>
   <div class='ocr_carea' id='block_1_2' title="bbox 133 505 1297 1250">
    <p class='ocr_par' dir='ltr' id='par_1_2' title="bbox 133 505 1297 1250">
     <span class='ocr_line' id='line_1_2' title="bbox 133 505 1297 614; baseline 0.001 -22"><span class='ocrx_word' id='word_1_2' title='bbox 133 534 226 608; x_wconf 89' lang='lat' dir='ltr'>esset,</span> <span class='ocrx_word' id='word_1_3' title='bbox 248 518 422 592; x_wconf 86' lang='lat' dir='ltr'>dubitatum</span> <span class='ocrx_word' id='word_1_4' title='bbox 444 531 507 602; x_wconf 91' lang='lat' dir='ltr'>est,</span> <span class='ocrx_word' id='word_1_5' title='bbox 529 543 602 588; x_wconf 91' lang='lat' dir='ltr'>eam</span> <span class='ocrx_word' id='word_1_6' title='bbox 624 505 813 610; x_wconf 75' lang='lat' dir='ltr'>composuit,</span> <span class='ocrx_word' id='word_1_7' title='bbox 842 543 939 614; x_wconf 92' lang='lat' dir='ltr'>quam</span> <span class='ocrx_word' id='word_1_8' title='bbox 967 525 1095 592; x_wconf 89' lang='lat' dir='ltr'>nomine</span> <span class='ocrx_word' id='word_1_9' title='bbox 1123 526 1202 594; x_wconf 89' lang='lat' dir='ltr'>Gre-</span> <span class='ocrx_word' id='word_1_10' title='bbox 1295 530 1297 535; x_wconf 78' lang='grc'>’</span> 
     </span>
     <span class='ocr_line' id='line_1_3' title="bbox 134 609 1204 708; baseline 0 -25"><span class='ocrx_word' id='word_1_11' title='bbox 134 618 282 708; x_wconf 88' lang='lat' dir='ltr'>gorianae</span> <span class='ocrx_word' id='word_1_12' title='bbox 303 611 370 682; x_wconf 87' lang='lat' dir='ltr'>sive</span> <span class='ocrx_word' id='word_1_13' title='bbox 391 613 557 680; x_wconf 83' lang='lat' dir='ltr'>Romanae</span> <span class='ocrx_word' id='word_1_14' title='bbox 579 633 683 699; x_wconf 87' lang='lat' dir='ltr'>usque</span> <span class='ocrx_word' id='word_1_15' title='bbox 704 609 745 677; x_wconf 94' lang='lat' dir='ltr'>ad</span> <span class='ocrx_word' id='word_1_16' title='bbox 764 622 903 679; x_wconf 89' lang='lat' dir='ltr'>nostram</span> <span class='ocrx_word' id='word_1_17' title='bbox 925 617 1114 700; x_wconf 82' lang='lat' dir='ltr'><strong>memoriam</strong></span> <span class='ocrx_word' id='word_1_18' title='bbox 1134 638 1204 683; x_wconf 92' lang='lat' dir='ltr'>om·</span> 
     </span>
     <span class='ocr_line' id='line_1_4' title="bbox 133 698 1206 789; baseline -0.001 -16"><span class='ocrx_word' id='word_1_19' title='bbox 133 728 192 774; x_wconf 92' lang='lat' dir='ltr'>nes</span> <span class='ocrx_word' id='word_1_20' title='bbox 220 703 370 772; x_wconf 88' lang='lat' dir='ltr'>eeclesiae</span> <span class='ocrx_word' id='word_1_21' title='bbox 398 699 572 768; x_wconf 88' lang='lat' dir='ltr'>catholicae</span> <span class='ocrx_word' id='word_1_22' title='bbox 600 698 794 789; x_wconf 91' lang='lat' dir='ltr'>sequendam</span> <span class='ocrx_word' id='word_1_23' title='bbox 822 698 1061 788; x_wconf 80' lang='lat' dir='ltr'>decreverunt.⁰)</span> <span class='ocrx_word' id='word_1_24' title='bbox 1113 704 1206 788; x_wconf 83' lang='lat' dir='ltr'>Quae</span> 
     </span>
     <span class='ocr_line' id='line_1_5' title="bbox 134 783 1208 894; baseline 0 -33"><span class='ocrx_word' id='word_1_25' title='bbox 134 792 248 862; x_wconf 89' lang='lat' dir='ltr'>eodem</span> <span class='ocrx_word' id='word_1_26' title='bbox 269 791 376 874; x_wconf 93' lang='lat' dir='ltr'>modo,</span> <span class='ocrx_word' id='word_1_27' title='bbox 398 812 463 881; x_wconf 92' lang='lat' dir='ltr'>quo</span> <span class='ocrx_word' id='word_1_28' title='bbox 486 811 571 883; x_wconf 76' lang='lat' dir='ltr'>nuno</span> <span class='ocrx_word' id='word_1_29' title='bbox 593 783 648 870; x_wconf 81' lang='lat' dir='ltr'>est,</span> <span class='ocrx_word' id='word_1_30' title='bbox 670 812 690 856; x_wconf 90' lang='lat' dir='ltr'>a</span> <span class='ocrx_word' id='word_1_31' title='bbox 713 789 865 880; x_wconf 83' lang='lat' dir='ltr'>Gregorio</span> <span class='ocrx_word' id='word_1_32' title='bbox 892 814 1008 894; x_wconf 88' lang='lat' dir='ltr'>magno</span> <span class='ocrx_word' id='word_1_33' title='bbox 1031 796 1208 883; x_wconf 86' lang='lat' dir='ltr'>conscripta</span> 
     </span>
     <span class='ocr_line' id='line_1_6' title="bbox 134 877 1207 974; baseline -0.001 -23"><span class='ocrx_word' id='word_1_34' title='bbox 134 906 205 951; x_wconf 86' lang='lat' dir='ltr'>esse</span> <span class='ocrx_word' id='word_1_35' title='bbox 226 905 292 950; x_wconf 92' lang='lat' dir='ltr'>non</span> <span class='ocrx_word' id='word_1_36' title='bbox 313 891 431 974; x_wconf 86' lang='lat' dir='ltr'>potest:</span> <span class='ocrx_word' id='word_1_37' title='bbox 454 880 545 945; x_wconf 84' lang='lat' dir='ltr'>cu&#39;us</span> <span class='ocrx_word' id='word_1_38' title='bbox 566 880 613 945; x_wconf 91' lang='lat' dir='ltr'>rei</span> <span class='ocrx_word' id='word_1_39' title='bbox 631 880 710 945; x_wconf 92' lang='lat' dir='ltr'>ratio</span> <span class='ocrx_word' id='word_1_40' title='bbox 732 877 813 946; x_wconf 88' lang='lat' dir='ltr'>haee</span> <span class='ocrx_word' id='word_1_41' title='bbox 834 881 1017 969; x_wconf 82' lang='lat' dir='ltr'>gravissima</span> <span class='ocrx_word' id='word_1_42' title='bbox 1038 892 1094 964; x_wconf 87' lang='lat' dir='ltr'>est,</span> <span class='ocrx_word' id='word_1_43' title='bbox 1122 882 1207 972; x_wconf 92' lang='lat' dir='ltr'>quod</span> 
     </span>
     <span class='ocr_line' id='line_1_7' title="bbox 133 903 1209 1061; baseline -0.002 -20"><span class='ocrx_word' id='word_1_44' title='bbox 133 971 294 1054; x_wconf 87' lang='lat' dir='ltr'>nonnulla,</span> <span class='ocrx_word' id='word_1_45' title='bbox 317 993 401 1061; x_wconf 81' lang='lat' dir='ltr'>quae</span> <span class='ocrx_word' id='word_1_46' title='bbox 422 903 592 1035; x_wconf 86' lang='lat' dir='ltr'>Rhabanus</span> <span class='ocrx_word' id='word_1_47' title='bbox 613 965 774 1054; x_wconf 72' lang='lat' dir='ltr'>Maurusl)</span> <span class='ocrx_word' id='word_1_48' title='bbox 802 966 842 1033; x_wconf 91' lang='lat' dir='ltr'>de</span> <span class='ocrx_word' id='word_1_49' title='bbox 871 990 947 1036; x_wconf 87' lang='lat' dir='ltr'>suae</span> <span class='ocrx_word' id='word_1_50' title='bbox 970 973 1078 1037; x_wconf 87' lang='lat' dir='ltr'>aetatis</span> <span class='ocrx_word' id='word_1_51' title='bbox 1098 972 1209 1039; x_wconf 85' lang='lat' dir='ltr'>ritibus</span> 
     </span>
     <span class='ocr_line' id='line_1_8' title="bbox 136 1056 1204 1149; baseline 0 -20"><span class='ocrx_word' id='word_1_52' title='bbox 136 1068 377 1140; x_wconf 77' lang='lat' dir='ltr'>commemorat,</span> <span class='ocrx_word' id='word_1_53' title='bbox 398 1056 542 1125; x_wconf 87' lang='lat' dir='ltr'>differunt</span> <span class='ocrx_word' id='word_1_54' title='bbox 562 1081 581 1125; x_wconf 92' lang='lat' dir='ltr'>a</span> <span class='ocrx_word' id='word_1_55' title='bbox 603 1058 792 1149; x_wconf 77' lang='lat' dir='ltr'><strong>praeceptis,</strong></span> <span class='ocrx_word' id='word_1_56' title='bbox 823 1080 906 1147; x_wconf 91' lang='lat' dir='ltr'>quae</span> <span class='ocrx_word' id='word_1_57' title='bbox 927 1057 1021 1125; x_wconf 89' lang='lat' dir='ltr'>hodie</span> <span class='ocrx_word' id='word_1_58' title='bbox 1041 1061 1075 1126; x_wconf 91' lang='lat' dir='ltr'>in</span> <span class='ocrx_word' id='word_1_59' title='bbox 1097 1084 1136 1128; x_wconf 89' lang='lat' dir='ltr'>ea</span> <span class='ocrx_word' id='word_1_60' title='bbox 1156 1060 1204 1130; x_wconf 91' lang='lat' dir='ltr'>le·</span> 
     </span>
     <span class='ocr_line' id='line_1_9' title="bbox 134 1140 1208 1250; baseline 0.001 -33"><span class='ocrx_word' id='word_1_61' title='bbox 134 1161 260 1242; x_wconf 91' lang='lat' dir='ltr'>guntur.</span> <span class='ocrx_word' id='word_1_62' title='bbox 306 1148 397 1250; x_wconf 77' lang='lat' dir='ltr'>Quae</span> <span class='ocrx_word' id='word_1_63' title='bbox 418 1145 546 1237; x_wconf 90' lang='lat' dir='ltr'>quidem</span> <span class='ocrx_word' id='word_1_64' title='bbox 566 1140 691 1237; x_wconf 73' lang='lat' dir='ltr'><strong>liturgia</strong></span> <span class='ocrx_word' id='word_1_65' title='bbox 712 1157 836 1235; x_wconf 90' lang='lat' dir='ltr'>praeter</span> <span class='ocrx_word' id='word_1_66' title='bbox 857 1145 957 1214; x_wconf 91' lang='lat' dir='ltr'>multa</span> <span class='ocrx_word' id='word_1_67' title='bbox 980 1147 1019 1213; x_wconf 93' lang='lat' dir='ltr'>de</span> <span class='ocrx_word' id='word_1_68' title='bbox 1039 1148 1208 1218; x_wconf 92' lang='lat' dir='ltr'>indumen·</span> 
     </span>
    </p>
   </div>
   <div class='ocr_carea' id='block_1_3' title="bbox 135 1232 1317 1325">
    <p class='ocr_par' dir='ltr' id='par_1_3' title="bbox 135 1232 1317 1325">
     <span class='ocr_line' id='line_1_10' title="bbox 135 1232 1317 1325; baseline 0.001 -19"><span class='ocrx_word' id='word_1_69' title='bbox 135 1242 184 1320; x_wconf 90' lang='lat' dir='ltr'>tis,</span> <span class='ocrx_word' id='word_1_70' title='bbox 208 1238 402 1304; x_wconf 89' lang='lat' dir='ltr'>caerimonus</span> <span class='ocrx_word' id='word_1_71' title='bbox 423 1257 538 1324; x_wconf 86' lang='lat' dir='ltr'>praece</span> <span class='ocrx_word' id='word_1_72' title='bbox 561 1245 602 1317; x_wconf 94' lang='lat' dir='ltr'>ta,</span> <span class='ocrx_word' id='word_1_73' title='bbox 623 1232 711 1302; x_wconf 89' lang='lat' dir='ltr'>velut</span> <span class='ocrx_word' id='word_1_74' title='bbox 732 1235 772 1302; x_wconf 94' lang='lat' dir='ltr'>de</span> <span class='ocrx_word' id='word_1_75' title='bbox 795 1235 965 1304; x_wconf 85' lang='lat' dir='ltr'>sacerdotis</span> <span class='ocrx_word' id='word_1_76' title='bbox 988 1238 1206 1325; x_wconf 70' lang='lat' dir='ltr'>capitis&#39;oom-</span> <span class='ocrx_word' id='word_1_77' title='bbox 1313 1314 1317 1323; x_wconf 55' lang='grc'><strong>,</strong></span> 
     </span>
    </p>
   </div>
   <div class='ocr_carea' id='block_1_4' title="bbox 116 1257 1221 2396">
    <p class='ocr_par' dir='ltr' id='par_1_4' title="bbox 116 1257 1212 1945">
     <span class='ocr_line' id='line_1_11' title="bbox 135 1257 1206 1418; baseline 0.001 -25"><span class='ocrx_word' id='word_1_78' title='bbox 135 1324 290 1418; x_wconf 82' lang='lat' dir='ltr'>positione</span> <span class='ocrx_word' id='word_1_79' title='bbox 311 1335 342 1392; x_wconf 90' lang='lat' dir='ltr'>et</span> <span class='ocrx_word' id='word_1_80' title='bbox 361 1347 516 1391; x_wconf 91' lang='lat' dir='ltr'>manuum</span> <span class='ocrx_word' id='word_1_81' title='bbox 536 1257 662 1406; x_wconf 83' lang='lat' dir='ltr'>lbtione,</span> <span class='ocrx_word' id='word_1_82' title='bbox 684 1323 725 1391; x_wconf 88' lang='lat' dir='ltr'>de</span> <span class='ocrx_word' id='word_1_83' title='bbox 746 1348 878 1411; x_wconf 84' lang='lat' dir='ltr'>accessu</span> <span class='ocrx_word' id='word_1_84' title='bbox 900 1326 940 1392; x_wconf 96' lang='lat' dir='ltr'>ad</span> <span class='ocrx_word' id='word_1_85' title='bbox 963 1324 1069 1408; x_wconf 83' lang='lat' dir='ltr'>altare,</span> <span class='ocrx_word' id='word_1_86' title='bbox 1092 1325 1133 1394; x_wconf 90' lang='lat' dir='ltr'>de</span> <span class='ocrx_word' id='word_1_87' title='bbox 1155 1352 1206 1396; x_wconf 91' lang='lat' dir='ltr'>os-</span> 
     </span>
     <span class='ocr_line' id='line_1_12' title="bbox 137 1412 1208 1494; baseline 0.002 -11"><span class='ocrx_word' id='word_1_88' title='bbox 137 1414 210 1483; x_wconf 90' lang='lat' dir='ltr'>eulo</span> <span class='ocrx_word' id='word_1_89' title='bbox 237 1412 341 1481; x_wconf 88' lang='lat' dir='ltr'>altaris</span> <span class='ocrx_word' id='word_1_90' title='bbox 363 1423 394 1480; x_wconf 91' lang='lat' dir='ltr'>et</span> <span class='ocrx_word' id='word_1_91' title='bbox 414 1412 502 1494; x_wconf 85' lang='lat' dir='ltr'><strong>libri,</strong></span> <span class='ocrx_word' id='word_1_92' title='bbox 531 1412 572 1479; x_wconf 88' lang='lat' dir='ltr'>de</span> <span class='ocrx_word' id='word_1_93' title='bbox 598 1412 825 1483; x_wconf 88' lang='lat' dir='ltr'>thurificatione</span> <span class='ocrx_word' id='word_1_94' title='bbox 853 1425 912 1482; x_wconf 85' lang='lat' dir='ltr'>eet</span> <span class='ocrx_word' id='word_1_95' title='bbox 948 1418 1043 1483; x_wconf 88' lang='lat' dir='ltr'>etiam</span> <span class='ocrx_word' id='word_1_96' title='bbox 1076 1415 1208 1487; x_wconf 85' lang='lat' dir='ltr'>Cano-</span> 
     </span>
     <span class='ocr_line' id='line_1_13' title="bbox 116 1503 1209 1598; baseline 0.003 -27"><span class='ocrx_word' id='word_1_97' title='bbox 116 1508 222 1572; x_wconf 89' lang='lat' dir='ltr'>&#39;nem</span> <span class='ocrx_word' id='word_1_98' title='bbox 243 1503 380 1570; x_wconf 83' lang='lat' dir='ltr'>Missae</span> <span class='ocrx_word' id='word_1_99' title='bbox 402 1504 470 1568; x_wconf 91' lang='lat' dir='ltr'>sive</span> <span class='ocrx_word' id='word_1_100' title='bbox 493 1503 781 1571; x_wconf 86' lang='lat' dir='ltr'>Sacramentarium</span> <span class='ocrx_word' id='word_1_101' title='bbox 802 1505 948 1586; x_wconf 88' lang='lat' dir='ltr'>continet,</span> <span class='ocrx_word' id='word_1_102' title='bbox 975 1527 1016 1572; x_wconf 88' lang='lat' dir='ltr'>ex</span> <span class='ocrx_word' id='word_1_103' title='bbox 1037 1528 1111 1595; x_wconf 94' lang='lat' dir='ltr'>quo,</span> <span class='ocrx_word' id='word_1_104' title='bbox 1134 1506 1209 1598; x_wconf 93' lang='lat' dir='ltr'>quid</span> 
     </span>
     <span class='ocr_line' id='line_1_14' title="bbox 135 1590 1208 1682; baseline 0.003 -22"><span class='ocrx_word' id='word_1_105' title='bbox 135 1593 175 1660; x_wconf 92' lang='lat' dir='ltr'>de</span> <span class='ocrx_word' id='word_1_106' title='bbox 203 1591 353 1660; x_wconf 85' lang='lat' dir='ltr'>sacrificio</span> <span class='ocrx_word' id='word_1_107' title='bbox 382 1590 512 1674; x_wconf 84' lang='lat' dir='ltr'>Christi,</span> <span class='ocrx_word' id='word_1_108' title='bbox 541 1590 628 1682; x_wconf 88' lang='lat' dir='ltr'>quod</span> <span class='ocrx_word' id='word_1_109' title='bbox 654 1590 688 1657; x_wconf 91' lang='lat' dir='ltr'>fit</span> <span class='ocrx_word' id='word_1_110' title='bbox 715 1590 913 1659; x_wconf 86' lang='lat' dir='ltr'>Eucharistia</span> <span class='ocrx_word' id='word_1_111' title='bbox 942 1594 1115 1676; x_wconf 87' lang='lat' dir='ltr'>offerenda,</span> <span class='ocrx_word' id='word_1_112' title='bbox 1153 1619 1208 1664; x_wconf 88' lang='lat' dir='ltr'>ee-</span> 
     </span>
     <span class='ocr_line' id='line_1_15' title="bbox 135 1679 1211 1773; baseline 0.001 -23"><span class='ocrx_word' id='word_1_113' title='bbox 135 1680 231 1750; x_wconf 83' lang='lat' dir='ltr'>clesia</span> <span class='ocrx_word' id='word_1_114' title='bbox 252 1679 403 1748; x_wconf 85' lang='lat' dir='ltr'>catholiea</span> <span class='ocrx_word' id='word_1_115' title='bbox 423 1682 544 1763; x_wconf 91' lang='lat' dir='ltr'>sentiat,</span> <span class='ocrx_word' id='word_1_116' title='bbox 559 1683 676 1771; x_wconf 90' lang='lat' dir='ltr'>optime</span> <span class='ocrx_word' id='word_1_117' title='bbox 688 1679 819 1773; x_wconf 78' lang='lat' dir='ltr'>intelligi</span> <span class='ocrx_word' id='word_1_118' title='bbox 833 1692 944 1772; x_wconf 90' lang='lat' dir='ltr'>potest,</span> <span class='ocrx_word' id='word_1_119' title='bbox 960 1705 1056 1772; x_wconf 91' lang='lat' dir='ltr'>quam</span> <span class='ocrx_word' id='word_1_120' title='bbox 1078 1683 1119 1749; x_wconf 94' lang='lat' dir='ltr'>ob</span> <span class='ocrx_word' id='word_1_121' title='bbox 1141 1707 1211 1752; x_wconf 88' lang='lat' dir='ltr'>rem</span> 
     </span>
     <span class='ocr_line' id='line_1_16' title="bbox 132 1768 1212 1863; baseline 0 -25"><span class='ocrx_word' id='word_1_122' title='bbox 132 1774 292 1863; x_wconf 87' lang='lat' dir='ltr'>integrum</span> <span class='ocrx_word' id='word_1_123' title='bbox 313 1793 389 1837; x_wconf 91' lang='lat' dir='ltr'>eum</span> <span class='ocrx_word' id='word_1_124' title='bbox 411 1768 594 1838; x_wconf 90' lang='lat' dir='ltr'>adscribam.</span> <span class='ocrx_word' id='word_1_125' title='bbox 622 1769 752 1862; x_wconf 76' lang='lat' dir='ltr'>Legitur</span> <span class='ocrx_word' id='word_1_126' title='bbox 775 1793 852 1840; x_wconf 89' lang='lat' dir='ltr'>vero</span> <span class='ocrx_word' id='word_1_127' title='bbox 879 1771 964 1862; x_wconf 88' lang='lat' dir='ltr'>apud</span> <span class='ocrx_word' id='word_1_128' title='bbox 979 1771 1212 1861; x_wconf 89' lang='lat' dir='ltr'>Hospinianum</span> 
     </span>
     <span class='ocr_line' id='line_1_17' title="bbox 134 1858 570 1945; baseline -0.011 -16"><span class='ocrx_word' id='word_1_129' title='bbox 134 1858 471 1945; x_wconf 74' lang='lat' dir='ltr'>huncinmodum:⁶)</span> <span class='ocrx_word' id='word_1_130' title='bbox 514 1890 517 1901; x_wconf 89' lang='lat'><strong>·</strong></span> <span class='ocrx_word' id='word_1_131' title='bbox 567 1864 570 1872; x_wconf 89' lang='lat'>&#39;</span> 
     </span>
    </p>

    <p class='ocr_par' dir='ltr' id='par_1_5' title="bbox 204 1947 1221 2396">
     <span class='ocr_line' id='line_1_18' title="bbox 204 1947 1212 2045; baseline 0.003 -30"><span class='ocrx_word' id='word_1_132' title='bbox 204 1949 282 2031; x_wconf 79' lang='lat' dir='ltr'>„Te</span> <span class='ocrx_word' id='word_1_133' title='bbox 306 1950 417 2038; x_wconf 85' lang='lat' dir='ltr'>igitur,</span> <span class='ocrx_word' id='word_1_134' title='bbox 444 1947 685 2017; x_wconf 89' lang='lat' dir='ltr'>clementissime</span> <span class='ocrx_word' id='word_1_135' title='bbox 707 1961 808 2040; x_wconf 88' lang='lat' dir='ltr'>pater,</span> <span class='ocrx_word' id='word_1_136' title='bbox 836 1974 893 2045; x_wconf 85' lang='lat' dir='ltr'>per</span> <span class='ocrx_word' id='word_1_137' title='bbox 913 1951 1027 2017; x_wconf 89' lang='lat' dir='ltr'>Jesum</span> <span class='ocrx_word' id='word_1_138' title='bbox 1050 1949 1212 2018; x_wconf 72' lang='lat' dir='ltr'>Christum</span> 
     </span>
     <span class='ocr_line' id='line_1_19' title="bbox 226 2035 1211 2130; baseline 0.004 -28"><span class='ocrx_word' id='word_1_139' title='bbox 226 2035 326 2102; x_wconf 83' lang='lat' dir='ltr'>lilium</span> <span class='ocrx_word' id='word_1_140' title='bbox 353 2047 458 2118; x_wconf 90' lang='lat' dir='ltr'><strong>tuum,</strong></span> <span class='ocrx_word' id='word_1_141' title='bbox 486 2036 650 2103; x_wconf 91' lang='lat' dir='ltr'>dominum</span> <span class='ocrx_word' id='word_1_142' title='bbox 678 2049 836 2121; x_wconf 90' lang='lat' dir='ltr'>nostrum,</span> <span class='ocrx_word' id='word_1_143' title='bbox 863 2038 1023 2128; x_wconf 86' lang='lat' dir='ltr'>suplices</span> <span class='ocrx_word' id='word_1_144' title='bbox 1049 2063 1211 2130; x_wconf 86' lang='lat' dir='ltr'><strong>rogamus,</strong></span> 
     </span>
     <span class='ocr_line' id='line_1_20' title="bbox 226 2063 1221 2216; baseline 0 -22"><span class='ocrx_word' id='word_1_145' title='bbox 226 2149 265 2194; x_wconf 88' lang='lat' dir='ltr'>ao</span> <span class='ocrx_word' id='word_1_146' title='bbox 286 2125 433 2215; x_wconf 90' lang='lat' dir='ltr'>petimus,</span> <span class='ocrx_word' id='word_1_147' title='bbox 454 2127 500 2192; x_wconf 92' lang='lat' dir='ltr'>uti</span> <span class='ocrx_word' id='word_1_148' title='bbox 516 2136 646 2216; x_wconf 89' lang='lat' dir='ltr'>accepta</span> <span class='ocrx_word' id='word_1_149' title='bbox 658 2125 777 2192; x_wconf 90' lang='lat' dir='ltr'>habeas</span> <span class='ocrx_word' id='word_1_150' title='bbox 798 2138 830 2193; x_wconf 90' lang='lat' dir='ltr'>et</span> <span class='ocrx_word' id='word_1_151' title='bbox 843 2063 1011 2195; x_wconf 74' lang='lat' dir='ltr'>benedicas</span> <span class='ocrx_word' id='word_1_152' title='bbox 1024 2127 1105 2195; x_wconf 88' lang='lat' dir='ltr'>haee</span> <span class='ocrx_word' id='word_1_153' title='bbox 1120 2128 1221 2210; x_wconf 82' lang='lat' dir='ltr'>dona„</span> 
     </span>
     <span class='ocr_line' id='line_1_21' title="bbox 225 2215 1213 2296; baseline -0.001 -13"><span class='ocrx_word' id='word_1_154' title='bbox 225 2215 306 2283; x_wconf 88' lang='lat' dir='ltr'>haee</span> <span class='ocrx_word' id='word_1_155' title='bbox 326 2237 469 2296; x_wconf 86' lang='lat' dir='ltr'>munera,</span> <span class='ocrx_word' id='word_1_156' title='bbox 489 2215 571 2283; x_wconf 86' lang='lat' dir='ltr'>haee</span> <span class='ocrx_word' id='word_1_157' title='bbox 592 2225 699 2283; x_wconf 88' lang='lat' dir='ltr'>sancta</span> <span class='ocrx_word' id='word_1_158' title='bbox 721 2215 871 2283; x_wconf 85' lang='lat' dir='ltr'>sacrificia</span> <span class='ocrx_word' id='word_1_159' title='bbox 890 2215 1021 2283; x_wconf 89' lang='lat' dir='ltr'>illibata:</span> <span class='ocrx_word' id='word_1_160' title='bbox 1049 2219 1083 2282; x_wconf 91' lang='lat' dir='ltr'>in</span> <span class='ocrx_word' id='word_1_161' title='bbox 1126 2219 1213 2283; x_wconf 89' lang='lat' dir='ltr'>rimis</span> 
     </span>
     <span class='ocr_line' id='line_1_22' title="bbox 227 2240 1212 2396; baseline 0.002 -26"><span class='ocrx_word' id='word_1_162' title='bbox 227 2327 309 2396; x_wconf 88' lang='lat' dir='ltr'>quae</span> <span class='ocrx_word' id='word_1_163' title='bbox 330 2303 385 2371; x_wconf 86' lang='lat' dir='ltr'>tibi</span> <span class='ocrx_word' id='word_1_164' title='bbox 406 2306 566 2372; x_wconf 89' lang='lat' dir='ltr'>offerimus</span> <span class='ocrx_word' id='word_1_165' title='bbox 587 2326 644 2394; x_wconf 94' lang='lat' dir='ltr'>pro</span> <span class='ocrx_word' id='word_1_166' title='bbox 667 2303 800 2373; x_wconf 85' lang='lat' dir='ltr'>ecelesia</span> <span class='ocrx_word' id='word_1_167' title='bbox 828 2315 883 2372; x_wconf 88' lang='lat' dir='ltr'>tua</span> <span class='ocrx_word' id='word_1_168' title='bbox 913 2314 1021 2372; x_wconf 88' lang='lat' dir='ltr'>sancta</span> <span class='ocrx_word' id='word_1_169' title='bbox 1048 2240 1212 2387; x_wconf 72' lang='lat' dir='ltr'>caillolica,</span> 
     </span>
    </p>
   </div>
   <div class='ocr_carea' id='block_1_5' title="bbox 227 2391 1214 2548">
    <p class='ocr_par' dir='ltr' id='par_1_6' title="bbox 227 2391 1214 2548">
     <span class='ocr_line' id='line_1_23' title="bbox 227 2391 1214 2548; baseline 0.003 -90"><span class='ocrx_word' id='word_1_170' title='bbox 227 2416 325 2485; x_wconf 92' lang='lat' dir='ltr'>quam</span> <span class='ocrx_word' id='word_1_171' title='bbox 345 2391 519 2548; x_wconf 69' lang='lat' dir='ltr'>pacificare,</span> <span class='ocrx_word' id='word_1_172' title='bbox 541 2393 707 2476; x_wconf 86' lang='lat' dir='ltr'>custodire,</span> <span class='ocrx_word' id='word_1_173' title='bbox 728 2393 868 2462; x_wconf 87' lang='lat' dir='ltr'>adunare</span> <span class='ocrx_word' id='word_1_174' title='bbox 891 2405 922 2461; x_wconf 92' lang='lat' dir='ltr'>et</span> <span class='ocrx_word' id='word_1_175' title='bbox 941 2417 1054 2485; x_wconf 87' lang='lat' dir='ltr'>regere</span> <span class='ocrx_word' id='word_1_176' title='bbox 1076 2395 1214 2486; x_wconf 87' lang='lat' dir='ltr'>digneris</span> 
     </span>
    </p>
   </div>
   <div class='ocr_carea' id='block_1_6' title="bbox 101 2483 1250 4443">
    <p class='ocr_par' dir='ltr' id='par_1_7' title="bbox 227 2483 1216 2751">
     <span class='ocr_line' id='line_1_24' title="bbox 227 2483 1213 2573; baseline 0.002 -25"><span class='ocrx_word' id='word_1_177' title='bbox 227 2491 292 2549; x_wconf 91' lang='lat' dir='ltr'>toto</span> <span class='ocrx_word' id='word_1_178' title='bbox 314 2505 350 2548; x_wconf 93' lang='lat' dir='ltr'>or</span> <span class='ocrx_word' id='word_1_179' title='bbox 373 2505 391 2548; x_wconf 92' lang='lat' dir='ltr'>e</span> <span class='ocrx_word' id='word_1_180' title='bbox 412 2492 576 2565; x_wconf 85' lang='lat' dir='ltr'>terrarum,</span> <span class='ocrx_word' id='word_1_181' title='bbox 596 2506 662 2550; x_wconf 93' lang='lat' dir='ltr'>uno</span> <span class='ocrx_word' id='word_1_182' title='bbox 683 2507 757 2551; x_wconf 87' lang='lat' dir='ltr'>cum</span> <span class='ocrx_word' id='word_1_183' title='bbox 776 2483 895 2551; x_wconf 80' lang='lat' dir='ltr'>famulo</span> <span class='ocrx_word' id='word_1_184' title='bbox 916 2495 979 2565; x_wconf 92' lang='lat' dir='ltr'><strong>tuo,</strong></span> <span class='ocrx_word' id='word_1_185' title='bbox 1001 2484 1091 2573; x_wconf 87' lang='lat' dir='ltr'>Papa</span> <span class='ocrx_word' id='word_1_186' title='bbox 1104 2494 1213 2553; x_wconf 88' lang='lat' dir='ltr'>nostro</span> 
     </span>
     <span class='ocr_line' id='line_1_25' title="bbox 227 2568 1216 2664; baseline 0.002 -26"><span class='ocrx_word' id='word_1_187' title='bbox 227 2571 268 2638; x_wconf 92' lang='lat' dir='ltr'>N.</span> <span class='ocrx_word' id='word_1_188' title='bbox 296 2580 327 2637; x_wconf 89' lang='lat' dir='ltr'>et</span> <span class='ocrx_word' id='word_1_189' title='bbox 353 2570 444 2663; x_wconf 85' lang='lat' dir='ltr'>Rege</span> <span class='ocrx_word' id='word_1_190' title='bbox 470 2582 577 2640; x_wconf 93' lang='lat' dir='ltr'>nostro</span> <span class='ocrx_word' id='word_1_191' title='bbox 600 2571 643 2639; x_wconf 89' lang='grc' dir='ltr'>Ν.</span> <span class='ocrx_word' id='word_1_192' title='bbox 672 2583 703 2639; x_wconf 91' lang='lat' dir='ltr'>et</span> <span class='ocrx_word' id='word_1_193' title='bbox 730 2568 876 2640; x_wconf 86' lang='lat' dir='ltr'>omnibus</span> <span class='ocrx_word' id='word_1_194' title='bbox 904 2571 1084 2641; x_wconf 88' lang='lat' dir='ltr'>orthodoxis</span> <span class='ocrx_word' id='word_1_195' title='bbox 1117 2584 1216 2664; x_wconf 63' lang='lat' dir='ltr'>atque,</span> 
     </span>
     <span class='ocr_line' id='line_1_26' title="bbox 227 2658 980 2751; baseline -0.004 -22"><span class='ocrx_word' id='word_1_196' title='bbox 227 2658 400 2729; x_wconf 84' lang='lat' dir='ltr'>catholicae</span> <span class='ocrx_word' id='word_1_197' title='bbox 421 2670 453 2728; x_wconf 89' lang='lat' dir='ltr'>et</span> <span class='ocrx_word' id='word_1_198' title='bbox 474 2659 665 2751; x_wconf 88' lang='lat' dir='ltr'>apostolicae</span> <span class='ocrx_word' id='word_1_199' title='bbox 686 2659 759 2727; x_wconf 81' lang='lat' dir='ltr'>fidei</span> <span class='ocrx_word' id='word_1_200' title='bbox 781 2660 980 2728; x_wconf 85' lang='lat' dir='ltr'>cultoribus.“</span> 
     </span>
    </p>

    <p class='ocr_par' dir='ltr' id='par_1_8' title="bbox 101 2747 1215 3353">
     <span class='ocr_line' id='line_1_27' title="bbox 271 2747 1215 2840; baseline 0.001 -25"><span class='ocrx_word' id='word_1_201' title='bbox 271 2747 448 2831; x_wconf 89' lang='lat' dir='ltr'>„Memento</span> <span class='ocrx_word' id='word_1_202' title='bbox 459 2748 598 2817; x_wconf 91' lang='lat' dir='ltr'>Domine</span> <span class='ocrx_word' id='word_1_203' title='bbox 609 2747 800 2817; x_wconf 84' lang='lat' dir='ltr'>famulorum</span> <span class='ocrx_word' id='word_1_204' title='bbox 816 2760 943 2816; x_wconf 92' lang='lat' dir='ltr'>tuorum</span> <span class='ocrx_word' id='word_1_205' title='bbox 960 2747 1215 2840; x_wconf 83' lang='lat' dir='ltr'>famularumque</span> 
     </span>
     <span class='ocr_line' id='line_1_28' title="bbox 229 2837 1214 2929; baseline 0.001 -24"><span class='ocrx_word' id='word_1_206' title='bbox 229 2847 261 2905; x_wconf 87' lang='lat' dir='ltr'>et</span> <span class='ocrx_word' id='word_1_207' title='bbox 280 2840 433 2905; x_wconf 89' lang='lat' dir='ltr'>omnium&#39;</span> <span class='ocrx_word' id='word_1_208' title='bbox 445 2839 721 2921; x_wconf 86' lang='lat' dir='ltr'>circumstantium,</span> <span class='ocrx_word' id='word_1_209' title='bbox 745 2862 880 2929; x_wconf 91' lang='lat' dir='ltr'>quorum</span> <span class='ocrx_word' id='word_1_210' title='bbox 897 2838 970 2906; x_wconf 88' lang='lat' dir='ltr'>Tibi</span> <span class='ocrx_word' id='word_1_211' title='bbox 990 2837 1067 2905; x_wconf 88' lang='lat' dir='ltr'>fides</span> <span class='ocrx_word' id='word_1_212' title='bbox 1089 2839 1214 2929; x_wconf 88' lang='lat' dir='ltr'>cognita</span> 
     </span>
     <span class='ocr_line' id='line_1_29' title="bbox 230 2925 1213 3017; baseline -0.002 -23"><span class='ocrx_word' id='word_1_213' title='bbox 230 2937 289 3009; x_wconf 87' lang='lat' dir='ltr'>est,</span> <span class='ocrx_word' id='word_1_214' title='bbox 308 2936 340 2994; x_wconf 91' lang='lat' dir='ltr'>et</span> <span class='ocrx_word' id='word_1_215' title='bbox 361 2937 436 2994; x_wconf 88' lang='lat' dir='ltr'>nota</span> <span class='ocrx_word' id='word_1_216' title='bbox 457 2926 597 3017; x_wconf 86' lang='lat' dir='ltr'>devotio,</span> <span class='ocrx_word' id='word_1_217' title='bbox 626 2948 683 3016; x_wconf 94' lang='lat' dir='ltr'>pro</span> <span class='ocrx_word' id='word_1_218' title='bbox 736 2928 828 2995; x_wconf 93' lang='lat' dir='ltr'>uibus</span> <span class='ocrx_word' id='word_1_219' title='bbox 857 2928 930 2995; x_wconf 94' lang='lat' dir='ltr'>Tibi</span> <span class='ocrx_word' id='word_1_220' title='bbox 958 2929 1133 3010; x_wconf 79' lang='lat' dir='ltr'>offerimus,</span> <span class='ocrx_word' id='word_1_221' title='bbox 1160 2925 1213 2994; x_wconf 89' lang='lat' dir='ltr'>vel</span> 
     </span>
     <span class='ocr_line' id='line_1_30' title="bbox 219 3014 1214 3107; baseline 0.001 -25"><span class='ocrx_word' id='word_1_222' title='bbox 219 3017 283 3107; x_wconf 90' lang='lat' dir='ltr'>qui</span> <span class='ocrx_word' id='word_1_223' title='bbox 306 3014 379 3083; x_wconf 87' lang='lat' dir='ltr'>Tibi</span> <span class='ocrx_word' id='word_1_224' title='bbox 400 3016 534 3083; x_wconf 83' lang='lat' dir='ltr'>offerunt</span> <span class='ocrx_word' id='word_1_225' title='bbox 554 3014 617 3084; x_wconf 88' lang='lat' dir='ltr'>hoo</span> <span class='ocrx_word' id='word_1_226' title='bbox 635 3017 714 3084; x_wconf 83' lang='lat' dir='ltr'>sac&#39;</span> <span class='ocrx_word' id='word_1_227' title='bbox 738 3020 822 3085; x_wconf 91' lang='lat' dir='ltr'>oium</span> <span class='ocrx_word' id='word_1_228' title='bbox 841 3016 942 3085; x_wconf 92' lang='lat' dir='ltr'>laudis</span> <span class='ocrx_word' id='word_1_229' title='bbox 961 3040 1019 3106; x_wconf 91' lang='lat' dir='ltr'>pro</span> <span class='ocrx_word' id='word_1_230' title='bbox 1034 3019 1214 3107; x_wconf 88' lang='lat' dir='ltr'>sesuisque</span> 
     </span>
     <span class='ocr_line' id='line_1_31' title="bbox 228 3104 1214 3195; baseline 0.001 -23"><span class='ocrx_word' id='word_1_231' title='bbox 228 3104 374 3173; x_wconf 94' lang='lat' dir='ltr'>omnibus</span> <span class='ocrx_word' id='word_1_232' title='bbox 401 3127 459 3195; x_wconf 93' lang='lat' dir='ltr'>pro</span> <span class='ocrx_word' id='word_1_233' title='bbox 486 3104 681 3174; x_wconf 89' lang='lat' dir='ltr'>redemtione</span> <span class='ocrx_word' id='word_1_234' title='bbox 703 3108 879 3175; x_wconf 89' lang='lat' dir='ltr'>animarum</span> <span class='ocrx_word' id='word_1_235' title='bbox 901 3129 1041 3186; x_wconf 85' lang='lat' dir='ltr'>suarum,</span> <span class='ocrx_word' id='word_1_236' title='bbox 1069 3128 1128 3195; x_wconf 90' lang='lat' dir='ltr'>pro</span> <span class='ocrx_word' id='word_1_237' title='bbox 1156 3129 1214 3194; x_wconf 89' lang='lat' dir='ltr'>spe</span> 
     </span>
     <span class='ocr_line' id='line_1_32' title="bbox 227 3192 1214 3289; baseline 0 -28"><span class='ocrx_word' id='word_1_238' title='bbox 227 3192 335 3262; x_wconf 88' lang='lat' dir='ltr'>salutis</span> <span class='ocrx_word' id='word_1_239' title='bbox 357 3204 390 3261; x_wconf 89' lang='lat' dir='ltr'>et</span> <span class='ocrx_word' id='word_1_240' title='bbox 408 3193 630 3263; x_wconf 88' lang='lat' dir='ltr'>incolumitatis</span> <span class='ocrx_word' id='word_1_241' title='bbox 651 3218 729 3263; x_wconf 91' lang='lat' dir='ltr'>suae</span> <span class='ocrx_word' id='word_1_242' title='bbox 745 3195 880 3289; x_wconf 89' lang='lat' dir='ltr'>Tibique</span> <span class='ocrx_word' id='word_1_243' title='bbox 901 3194 1037 3264; x_wconf 91' lang='lat' dir='ltr'>reddunt</span> <span class='ocrx_word' id='word_1_244' title='bbox 1056 3204 1130 3262; x_wconf 88' lang='lat' dir='ltr'>vota</span> <span class='ocrx_word' id='word_1_245' title='bbox 1155 3216 1214 3262; x_wconf 87' lang='lat' dir='ltr'>sua</span> 
     </span>
     <span class='ocr_line' id='line_1_33' title="bbox 101 3282 833 3353; baseline 0.003 -3"><span class='ocrx_word' id='word_1_246' title='bbox 101 3324 105 3332; x_wconf 51' lang='grc' dir='ltr'><strong>ι</strong></span> <span class='ocrx_word' id='word_1_247' title='bbox 228 3294 353 3350; x_wconf 84' lang='lat' dir='ltr'>aetemo</span> <span class='ocrx_word' id='word_1_248' title='bbox 375 3282 448 3352; x_wconf 88' lang='lat' dir='ltr'>Deo</span> <span class='ocrx_word' id='word_1_249' title='bbox 468 3286 541 3353; x_wconf 85' lang='lat' dir='ltr'>vivo</span> <span class='ocrx_word' id='word_1_250' title='bbox 565 3295 597 3352; x_wconf 88' lang='lat' dir='ltr'>et</span> <span class='ocrx_word' id='word_1_251' title='bbox 617 3293 722 3352; x_wconf 86' lang='lat' dir='ltr'>vero.“</span> <span class='ocrx_word' id='word_1_252' title='bbox 830 3306 833 3312; x_wconf 86' lang='lat'><em>·</em></span> 
     </span>
    </p>

    <p class='ocr_par' dir='ltr' id='par_1_9' title="bbox 227 3370 1250 4063">
     <span class='ocr_line' id='line_1_34' title="bbox 270 3370 1217 3459; baseline -0.004 -20"><span class='ocrx_word' id='word_1_253' title='bbox 270 3372 568 3454; x_wconf 83' lang='lat' dir='ltr'>„Communicanres</span> <span class='ocrx_word' id='word_1_254' title='bbox 589 3373 621 3441; x_wconf 80' lang='lat' dir='ltr'>et</span> <span class='ocrx_word' id='word_1_255' title='bbox 640 3376 828 3441; x_wconf 88' lang='lat' dir='ltr'>memoriam</span> <span class='ocrx_word' id='word_1_256' title='bbox 849 3383 1043 3454; x_wconf 88' lang='lat' dir='ltr'>venerantes,</span> <span class='ocrx_word' id='word_1_257' title='bbox 1063 3370 1217 3459; x_wconf 89' lang='lat' dir='ltr'>imprimis</span> 
     </span>
     <span class='ocr_line' id='line_1_35' title="bbox 229 3459 1216 3553; baseline 0.001 -27"><span class='ocrx_word' id='word_1_258' title='bbox 229 3459 398 3552; x_wconf 84' lang='lat' dir='ltr'>gloriosae,</span> <span class='ocrx_word' id='word_1_259' title='bbox 427 3468 618 3552; x_wconf 86' lang='lat' dir='ltr'>semperque</span> <span class='ocrx_word' id='word_1_260' title='bbox 638 3464 768 3553; x_wconf 90' lang='lat' dir='ltr'>virginis</span> <span class='ocrx_word' id='word_1_261' title='bbox 794 3461 931 3544; x_wconf 87' lang='lat' dir='ltr'>Mariae,</span> <span class='ocrx_word' id='word_1_262' title='bbox 959 3462 1125 3552; x_wconf 86' lang='lat' dir='ltr'>genetricis</span> <span class='ocrx_word' id='word_1_263' title='bbox 1151 3459 1216 3527; x_wconf 93' lang='lat' dir='ltr'>Dei</span> 
     </span>
     <span class='ocr_line' id='line_1_36' title="bbox 228 3547 1212 3639; baseline 0 -21"><span class='ocrx_word' id='word_1_264' title='bbox 228 3560 261 3618; x_wconf 90' lang='lat' dir='ltr'>et</span> <span class='ocrx_word' id='word_1_265' title='bbox 282 3547 413 3618; x_wconf 92' lang='lat' dir='ltr'>Domini</span> <span class='ocrx_word' id='word_1_266' title='bbox 433 3551 531 3617; x_wconf 85' lang='lat' dir='ltr'>nostri</span> <span class='ocrx_word' id='word_1_267' title='bbox 551 3552 630 3617; x_wconf 86' lang='lat' dir='ltr'>Jesu</span> <span class='ocrx_word' id='word_1_268' title='bbox 653 3549 782 3632; x_wconf 86' lang='lat' dir='ltr'>Christi,</span> <span class='ocrx_word' id='word_1_269' title='bbox 809 3549 926 3618; x_wconf 78' lang='lat' dir='ltr'>sed&#39;et</span> <span class='ocrx_word' id='word_1_270' title='bbox 946 3549 1111 3617; x_wconf 90' lang='lat' dir='ltr'>beatorum</span> <span class='ocrx_word' id='word_1_271' title='bbox 1134 3573 1212 3639; x_wconf 90' lang='lat' dir='ltr'>apo·</span> 
     </span>
     <span class='ocr_line' id='line_1_37' title="bbox 228 3637 1213 3730; baseline 0.002 -26"><span class='ocrx_word' id='word_1_272' title='bbox 228 3637 382 3706; x_wconf 90' lang='lat' dir='ltr'>stolorum</span> <span class='ocrx_word' id='word_1_273' title='bbox 403 3648 436 3706; x_wconf 89' lang='lat' dir='ltr'>et</span> <span class='ocrx_word' id='word_1_274' title='bbox 455 3649 631 3730; x_wconf 87' lang='lat' dir='ltr'>martyrum</span> <span class='ocrx_word' id='word_1_275' title='bbox 652 3648 778 3715; x_wconf 91' lang='lat' dir='ltr'>tuorum</span> <span class='ocrx_word' id='word_1_276' title='bbox 800 3643 987 3730; x_wconf 86' lang='lat' dir='ltr'>(sequuntur</span> <span class='ocrx_word' id='word_1_277' title='bbox 1007 3641 1135 3707; x_wconf 92' lang='lat' dir='ltr'>nomina</span> <span class='ocrx_word' id='word_1_278' title='bbox 1156 3646 1213 3706; x_wconf 89' lang='lat' dir='ltr'>eo-&#39;</span> 
     </span>
     <span class='ocr_line' id='line_1_38' title="bbox 229 3728 1213 3819; baseline -0.003 -24"><span class='ocrx_word' id='word_1_279' title='bbox 229 3735 312 3814; x_wconf 83' lang='lat' dir='ltr'>rum)</span> <span class='ocrx_word' id='word_1_280' title='bbox 335 3737 367 3795; x_wconf 89' lang='lat' dir='ltr'>et</span> <span class='ocrx_word' id='word_1_281' title='bbox 388 3728 531 3794; x_wconf 90' lang='lat' dir='ltr'>omnium</span> <span class='ocrx_word' id='word_1_282' title='bbox 551 3737 734 3797; x_wconf 88' lang='lat' dir='ltr'>sanctorum</span> <span class='ocrx_word' id='word_1_283' title='bbox 755 3740 898 3810; x_wconf 90' lang='lat' dir='ltr'>tuorum,</span> <span class='ocrx_word' id='word_1_284' title='bbox 929 3752 1065 3819; x_wconf 93' lang='lat' dir='ltr'>quorum</span> <span class='ocrx_word' id='word_1_285' title='bbox 1087 3730 1213 3808; x_wconf 89' lang='lat' dir='ltr'>meritis,</span> 
     </span>
     <span class='ocr_line' id='line_1_39' title="bbox 229 3817 1214 3909; baseline -0.003 -24"><span class='ocrx_word' id='word_1_286' title='bbox 229 3817 439 3908; x_wconf 87' lang='lat' dir='ltr'>precibusque</span> <span class='ocrx_word' id='word_1_287' title='bbox 455 3818 610 3885; x_wconf 85' lang='lat' dir='ltr'>concedat</span> <span class='ocrx_word' id='word_1_288' title='bbox 631 3828 668 3885; x_wconf 91' lang='lat' dir='ltr'>ut</span> <span class='ocrx_word' id='word_1_289' title='bbox 686 3821 729 3886; x_wconf 67' lang='lat' dir='ltr'>in¹</span> <span class='ocrx_word' id='word_1_290' title='bbox 742 3819 887 3886; x_wconf 90' lang='lat' dir='ltr'>omnibus</span> <span class='ocrx_word' id='word_1_291' title='bbox 906 3820 1106 3909; x_wconf 83' lang='lat' dir='ltr'>protectionis</span> <span class='ocrx_word' id='word_1_292' title='bbox 1122 3817 1214 3883; x_wconf 85' lang='lat' dir='ltr'>Tuae</span> 
     </span>
     <span class='ocr_line' id='line_1_40' title="bbox 231 3905 1250 3996; baseline 0.001 -26"><span class='ocrx_word' id='word_1_293' title='bbox 231 3907 410 3974; x_wconf 88' lang='lat' dir='ltr'>muniamur</span> <span class='ocrx_word' id='word_1_294' title='bbox 436 3905 553 3976; x_wconf 86' lang='lat' dir='ltr'>auxilio</span> <span class='ocrx_word' id='word_1_295' title='bbox 581 3929 638 3996; x_wconf 91' lang='lat' dir='ltr'>per</span> <span class='ocrx_word' id='word_1_296' title='bbox 671 3908 809 3975; x_wconf 88' lang='lat' dir='ltr'>eundem</span> <span class='ocrx_word' id='word_1_297' title='bbox 842 3907 1017 3989; x_wconf 88' lang='lat' dir='ltr'>Christum,</span> <span class='ocrx_word' id='word_1_298' title='bbox 1050 3906 1213 3974; x_wconf 91' lang='lat' dir='ltr'>dominum</span> <span class='ocrx_word' id='word_1_299' title='bbox 1246 3984 1250 3992; x_wconf 22' lang='grc' dir='ltr'>ἱ</span> 
     </span>
     <span class='ocr_line' id='line_1_41' title="bbox 227 4001 402 4063; baseline 0.017 -5"><span class='ocrx_word' id='word_1_300' title='bbox 227 4001 402 4063; x_wconf 86' lang='lat' dir='ltr'>nostrum.“</span> 
     </span>
    </p>

    <p class='ocr_par' dir='ltr' id='par_1_10' title="bbox 229 4072 1214 4355">
     <span class='ocr_line' id='line_1_42' title="bbox 274 4072 1214 4178; baseline 0.001 -30"><span class='ocrx_word' id='word_1_301' title='bbox 274 4081 389 4162; x_wconf 88' lang='lat' dir='ltr'>„Hane</span> <span class='ocrx_word' id='word_1_302' title='bbox 415 4087 511 4178; x_wconf 90' lang='lat' dir='ltr'>igitur</span> <span class='ocrx_word' id='word_1_303' title='bbox 537 4084 726 4156; x_wconf 90' lang='lat' dir='ltr'>oblationem</span> <span class='ocrx_word' id='word_1_304' title='bbox 752 4088 908 4154; x_wconf 90' lang='lat' dir='ltr'>servitutis</span> <span class='ocrx_word' id='word_1_305' title='bbox 931 4095 1072 4164; x_wconf 89' lang='lat' dir='ltr'>nostrae,</span> <span class='ocrx_word' id='word_1_306' title='bbox 1100 4082 1157 4151; x_wconf 90' lang='lat' dir='ltr'>sed</span> <span class='ocrx_word' id='word_1_307' title='bbox 1178 4072 1214 4150; x_wconf 69' lang='lat' dir='ltr'>&#39;et</span> 
     </span>
     <span class='ocr_line' id='line_1_43' title="bbox 229 4169 1213 4266; baseline -0.001 -27"><span class='ocrx_word' id='word_1_308' title='bbox 229 4179 362 4239; x_wconf 85' lang='lat' dir='ltr'>cunctae</span> <span class='ocrx_word' id='word_1_309' title='bbox 380 4174 516 4243; x_wconf 82' lang='lat' dir='ltr'>familiae</span> <span class='ocrx_word' id='word_1_310' title='bbox 536 4184 610 4242; x_wconf 86' lang='lat' dir='ltr'>tuae</span> <span class='ocrx_word' id='word_1_311' title='bbox 637 4199 832 4266; x_wconf 88' lang='lat' dir='ltr'>quaesumus</span> <span class='ocrx_word' id='word_1_312' title='bbox 846 4174 994 4254; x_wconf 90' lang='lat' dir='ltr'>Domine,</span> <span class='ocrx_word' id='word_1_313' title='bbox 1016 4181 1052 4239; x_wconf 93' lang='lat' dir='ltr'>ut</span> <span class='ocrx_word' id='word_1_314' title='bbox 1071 4169 1213 4261; x_wconf 86' lang='lat' dir='ltr'>placatus</span> 
     </span>
     <span class='ocr_line' id='line_1_44' title="bbox 231 4259 1212 4355; baseline 0.002 -28"><span class='ocrx_word' id='word_1_315' title='bbox 231 4261 366 4350; x_wconf 86' lang='lat' dir='ltr'>accipias</span> <span class='ocrx_word' id='word_1_316' title='bbox 386 4259 517 4353; x_wconf 84' lang='lat' dir='ltr'>diesque</span> <span class='ocrx_word' id='word_1_317' title='bbox 542 4274 667 4332; x_wconf 87' lang='lat' dir='ltr'>nostros</span> <span class='ocrx_word' id='word_1_318' title='bbox 692 4267 726 4333; x_wconf 90' lang='lat' dir='ltr'>in</span> <span class='ocrx_word' id='word_1_319' title='bbox 754 4276 809 4332; x_wconf 90' lang='lat' dir='ltr'>tua</span> <span class='ocrx_word' id='word_1_320' title='bbox 835 4287 916 4355; x_wconf 88' lang='lat' dir='ltr'>pace</span> <span class='ocrx_word' id='word_1_321' title='bbox 941 4263 1089 4351; x_wconf 88' lang='lat' dir='ltr'>disponas</span> <span class='ocrx_word' id='word_1_322' title='bbox 1116 4274 1212 4351; x_wconf 88' lang='lat' dir='ltr'>atque</span> 
     </span>
    </p>

    <p class='ocr_par' dir='ltr' id='par_1_11' title="bbox 192 4349 1210 4443">
     <span class='ocr_line' id='line_1_45' title="bbox 192 4349 1210 4443; baseline -0.002 -25"><span class='ocrx_word' id='word_1_323' title='bbox 192 4406 197 4412; x_wconf 93' lang='lat'><strong>.</strong></span> <span class='ocrx_word' id='word_1_324' title='bbox 230 4349 270 4418; x_wconf 84' lang='lat' dir='ltr'>ab</span> <span class='ocrx_word' id='word_1_325' title='bbox 290 4360 418 4421; x_wconf 84' lang='lat' dir='ltr'>aeterna</span> <span class='ocrx_word' id='word_1_326' title='bbox 439 4351 638 4420; x_wconf 80' lang='lat' dir='ltr'>damnatione</span> <span class='ocrx_word' id='word_1_327' title='bbox 658 4376 718 4422; x_wconf 89' lang='lat' dir='ltr'>nos</span> <span class='ocrx_word' id='word_1_328' title='bbox 738 4355 827 4443; x_wconf 91' lang='lat' dir='ltr'>eripi,</span> <span class='ocrx_word' id='word_1_329' title='bbox 847 4361 880 4421; x_wconf 89' lang='lat' dir='ltr'>et</span> <span class='ocrx_word' id='word_1_330' title='bbox 898 4353 933 4419; x_wconf 90' lang='lat' dir='ltr'>iu</span> <span class='ocrx_word' id='word_1_331' title='bbox 953 4349 1126 4421; x_wconf 87' lang='lat' dir='ltr'>electorum</span> <span class='ocrx_word' id='word_1_332' title='bbox 1139 4364 1210 4420; x_wconf 90' lang='lat' dir='ltr'>tuo-</span> 
     </span>
    </p>
   </div>
   <div class='ocr_carea' id='block_1_7' title="bbox 0 0 1370 4912">
    <p class='ocr_par' dir='ltr' id='par_1_12' title="bbox 0 0 1370 4912">
     <span class='ocr_line' id='line_1_46' title="bbox 0 0 1370 4912; baseline 0 0"><span class='ocrx_word' id='word_1_333' title='bbox 0 0 1370 4912; x_wconf 95' lang='lat' dir='ltr'> </span> 
     </span>
    </p>
   </div>
  </div>
 </body>
</html>
