2714 4912
367 308 697 398 '''..27...

56 484 229 552 ceritatem·
238 487 414 553 referendas
435 511 513 554 esse.
559 488 632 570 Qua
654 485 694 552 de
715 505 811 554 causa
832 498 865 555 ct
886 498 1124 580 extemporum

58 582 92 639 et
123 574 278 663 scriptoris
304 576 385 644 vitae
419 576 595 645 conditione
624 575 782 664 sequitur,
816 586 852 642 ut
880 576 915 644 A
944 581 1017 644 831.
1046 577 1124 646 liber

10 723 13 731 .
64 664 248 752 compositus
268 665 314 731 sit
429 663 432 669 ’
773 688 780 695 “

147 750 267 819 Eadem
286 756 352 821 sere
374 761 475 819 aetate
496 752 754 835 commentorium
780 751 813 819 in
832 751 1024 821 Mattlraeum
1046 779 1121 822 con-

58 837 193 907 scribere
220 845 337 924 coeit,
372 863 468 929 quem
496 839 573 906 cum'
596 842 628 906 in
660 840 859 906 Germaniam
887 843 927 908 ad
956 843 1123 933 Corbejam

58 927 185 1020 Novam
203 867 427 997 aedilicandam
443 929 566 1009 missus,
588 931 773 1010 revertisset,
792 939 823 995 et
840 930 911 995 satis
927 929 1022 1023 longo
1040 943 1121 999 tem·

58 1017 143 1106 poris
169 1019 331 1086 intervallo
358 1017 393 1084 A
422 1019 494 1084 844.
528 1017 646 1084 abbatis
673 1017 844 1109 honoribus
872 1030 997 1086 umatus
1032 1033 1123 1104 essct,

60 1128 163 1196 usque
187 1108 226 1173 ad
247 1106 524 1196 librumquintum
546 1107 682 1196 perfecit
720 1107 755 1173 A
778 1116 886 1173 autem
908 1106 969 1175 851
995 1132 1033 1175 eo
1050 1134 1121 1176 mu·

58 1217 144 1276 nere,
167 1194 293 1285 quoda
335 1194 468 1285 lerisque
490 1197 627 1262 maxime
649 1195 847 1286 flagitaretur,
875 1193 1013 1262 scultro
1036 1196 1122 1264 abdi-

58 1304 150 1348 casse
172 1286 256 1350 etin
277 1219 396 1364 urbem,
419 1307 500 1373 quae
521 1284 692 1351 vocabatur
709 1285 753 1352 St
768 1283 907 1373 Riquier,
930 1308 964 1350 se
982 1284 1124 1355 retulisse

58 1369 188 1437 videtur.
230 1373 344 1462 Neque
373 1374 457 1439 enim
483 1372 616 1463 probare
668 1396 775 1440 ossum
796 1374 980 1440 sententiam
1001 1373 1122 1442 Basna-

59 1459 148 1548 geist)
176 1461 229 1550 qui
251 1462 291 1529 ob
314 1484 386 1528 eam
408 1484 552 1542 causam,
581 1398 665 1551 quod
694 1461 867 1529 doctrinm
888 1463 1022 1530 omnino
1051 1489 1123 1554 per·

58 1569 181 1614 versam
203 1548 243 1615 de
258 1549 453 1616 Eucharistia
473 1549 655 1630 tradidisset,
675 1549 881 1616 Paschasium
903 1575 943 1616 ex
960 1549 1001 1616 ilii
1021 1576 1124 1642 poena

56 1636 204 1702 aflectum
226 1662 296 1705 esse
318 1637 481 1705 ostendere
503 1639 626 1705 studuit
669 1635 755 1704 Nam
777 1641 913 1729 prolecto
935 1571 1050 1730 tibrum
1072 1666 1121 1707 es-

56 1733 115 1805 set,
139 1726 165 1791 si
185 1724 379 1809 monachus,
408 1728 461 1818 qui
479 1729 546 1818 jam
568 1729 602 1796 A
625 1730 698 1794 831.
726 1725 814 1794 illum
841 1725 955 1794 librum
964 1735 968 1757 ³
977 1727 1123 1811 ediderat,

102 1813 109 1826 '
139 1815 284 1882 omnibus
312 1838 388 1883 mox
414 1825 507 1885 notus
535 1838 606 1885 esse
627 1816 749 1898 debuit,
778 1817 812 1883 A
836 1818 908 1884 844.
937 1815 977 1884 ad
1005 1817 1124 1887 abbatis

80 1902 213 1991 ‘gnitatis
234 1903 366 1997 gradum
387 1915 558 1994 promotus,
579 1907 614 1979 Α.
630 1916 736 1972 autem
755 1907 830 1987 851,
851 1915 887 1972 ut
907 1928 965 1995 pro
987 1906 1124 1996 doctrina

55 1991 135 2058 falsa
151 2012 287 2082 poenam
302 1991 411 2074 lueret,
428 1993 467 2058 ab
483 2016 520 2059 eo
536 1993 674 2085 dejectus
693 2004 783 2061 esset.
805 1995 845 2063 At
859 1997 943 2062 enirn
953 1994 1123 2079 hominem,

56 2081 148 2170 cujus
175 2103 213 2147 ea
242 2090 374 2148 aetatete
401 2082 568 2149 auctoritas
597 2082 682 2172 apud
708 2081 876 2174 plerosque
903 2082 1000 2149 valuit
1025 2083 1121 2176 pluri-

56 2191 157 2250 mum,
178 2179 215 2236 ut
234 2168 391 2237 molestias
414 2180 445 2236 et
465 2169 596 2252 labores,
619 2194 700 2259 quos
720 2170 824 2237 subire
847 2182 1019 2262 cogeretur,
1042 2171 1123 2240 ultro

57 2260 121 2324 effu
143 2268 217 2339 eret,
237 2259 334 2324 vitam
355 2257 523 2326 solitariam
544 2259 699 2351 dignitatis
721 2257 878 2351 splendori
893 2259 1075 2349 praetulisse
1093 2271 1125 2328 et
1182 2276 1188 2289 '

58 2344 100 2414 ad
121 2280 296 2413 litterarum
324 2348 425 2415 studia
453 2349 507 2416 diu
540 2351 671 2416 remissa
699 2371 738 2416 eo
767 2347 923 2415 lubentius
950 2348 1124 2434 revertisse,

56 2433 155 2503 multo
177 2436 374 2503 verisimilius
397 2448 451 2504 est.
491 2438 564 2521 Quo
587 2437 715 2528 quidem
736 2448 878 2527 tempore
900 2438 994 2504 etiam
1016 2439 1122 2529 expla-

56 2527 216 2593 nationem
231 2526 264 2591 in
277 2525 386 2616 psalm.
405 2529 456 2593 dl.
467 2525 551 2613 (45.1,
571 2525 1021 2608 commentariuminthrenos,
1044 2552 1122 2617 qua-

56 2621 128 2680 tuor
148 2614 335 2704 posteriores
355 2616 448 2681 libros
470 2616 684 2682 commentarii
704 2616 736 2681 in
752 2615 944 2682 Matthaeum
964 2638 1038 2681 cum
1056 2619 1123 2707 epi-

56 2701 135 2769 stola
157 2702 197 2769 ad
219 2703 457 2795 Frudegardum
485 2704 623 2794 scripsit,
652 2713 684 2769 et
710 2713 821 2794 postea
848 2703 925 2770 libro
953 2726 1037 2770 nono
1067 2704 1122 2769 ad-

56 2789 158 2859 dendo
175 2793 370 2859 continuavit.
396 2791 534 2882 Epistola
549 2802 655 2859 autem
672 2790 712 2858 ad
732 2789 968 2882 Frudegardum
984 2790 1054 2857 data
1072 2817 1122 2859 sa-

55 2880 93 2946 tis
117 2891 250 2970 apperte¹
268 2879 353 2963 dixit,
380 2883 537 2947 neminem
564 2880 728 2971 usquead
753 2881 786 2947 id
813 2891 939 2971 tempus
966 2891 1124 2949 certamen

55 2978 163 3036 contra
186 2991 220 3034 se
241 2970 355 3052 iniisse,
375 2970 451 3035 libro
467 2993 543 3039 vero
563 2970 749 3053 duodecimo
766 2971 1026 3036 commentariiin
1043 2970 1122 3037 lllat-

55 3057 184 3124 thaeum
206 3057 246 3124 de
265 3060 303 3124 iis
325 3068 559 3140 commemorat,
583 3082 662 3149 quos
682 3062 787 3149 ipsum
809 3058 1043 3150 reprehendisse
1065 3083 1122 3126 au-

54 3146 159 3212 dierat.
171 3193 178 3199 ψ
191 3145 299 3237 ltaque
316 3148 368 3214 illa
385 3148 513 3236 epistola
536 3147 576 3214 ad
592 3158 727 3214 aetatem
744 3147 842 3214 multo
860 3149 1004 3239 priorem,
1027 3172 1124 3236 quam

54 3234 153 3303 ultimi
170 3239 383 3304 commentarii
398 3237 475 3318 libri,
491 3237 653 3304 referenda
670 3248 725 3319 est,
747 3260 852 3326 neque
868 3236 1043 3302 secundum
1053 3237 1122 3303 Ma·

54 3321 169 3391 billonii
191 3327 376 3392 sententiam
396 3329 461 3392 fere
483 3326 541 3393 sub
565 3329 633 3417 ejus
655 3328 736 3393 vitae
758 3324 876 3391 obitum
890 3327 1020 3415 scripta.
1061 3326 1138 3408 Qui.

55 3413 182 3504 quidem
206 3413 306 3480 obitus
329 3413 367 3480 ab
389 3414 524 3481 Arnaldo
547 3425 579 3480 et
601 3415 666 3480 aliis
688 3416 724 3482 A
747 3412 821 3493 851,
851 3437 913 3503 quo
929 3414 1124 3502 'magistratu

55 3525 91 3568 se
120 3502 288 3583 abdicavit,
316 3501 472 3582 tribuitur,
501 3526 520 3568 a
547 3502 723 3569 Mabillonio
753 3512 859 3568 autem
888 3512 919 3568 et
946 3503 1123 3592 Basnageio
1227 3582 1230 3592 y

22 3614 25 3621 ·
54 3581 153 3667 inulto
169 3593 289 3674 *rectius
311 3593 346 3659 A
366 3596 439 3659 861.
480 3590 544 3675 Qui
566 3613 666 3657 annus
689 3592 715 3656 si
737 3591 806 3680 ejus
826 3592 934 3657 mortis
953 3592 1055 3679 justus
1078 3602 1125 3657 est

53 3681 126 3746 inde
143 3682 290 3771 sequitur,
316 3691 351 3747 ut
374 3704 417 3748 eo
434 3680 592 3747 vivente
610 3679 788 3756 defensores
811 3680 980 3746 sententiae
1001 3678 1041 3745 de
1057 3680 1125 3747 Eu-

55 3767 198 3925 sspriesstita
219 3770 363 3837 diversae
387 3770 553 3851 extiterint,
582 3768 614 3836 id
637 3768 722 3859 quod
743 3767 898 3854 Amaldus
925 3792 1043 3860 negare
1064 3793 1123 3836 au-

126 3970 157 4027 a)
175 3974 339 4022 Mottttonz
357 3977 424 4023 Actu
433 3979 575 4022 sanctorum
585 3974 677 4021 ordtnts
687 3973 838 4020 Benettcttni
847 3986 912 4021 scec.
923 3975 996 4029 nvp.
1004 3975 1060 4019 121.
1067 3985 1124 4028 suo.

54 4047 214 4100 basnage:
236 4045 345 4093 Histotro
359 4047 388 4092 (1ο
402 4047 499 4101 rugoso
514 4057 538 4100 o.
549 4045 613 4092 9⁰9:
635 4059 667 4091 ou
677 4045 753 4106 crota,
770 4056 819 4099 que
831 4047 961 4092 basoches
981 4046 1016 4090 fut
1037 4048 1061 4089 te
1074 4047 1124 4093 lteu

54 4118 85 4162 dc
103 4127 134 4162 so
151 4115 293 4174 nclssaucc,
316 4128 392 4171 porco
410 4117 471 4172 ou'tt
488 4116 576 4164 tcrtvit
600 4128 634 4163 uu
657 4115 730 4164 trattd
754 4118 798 4162 des
820 4117 935 4163 miracles
958 4115 1123 4167 levatorius

55 4192 80 4232 ct
98 4188 178 4246 Rutu,
196 4182 213 4233 ὲ
231 4188 257 4232 to
274 4183 355 4241 prtbre
372 4188 417 4234 des
434 4188 549 4235 tratttans
568 4189 598 4234 tte
617 4193 679 4233 cette
698 4188 772 4244 petite
790 4187 855 4233 vitto.
891 4189 927 4232 on
950 4185 978 4229 111
996 4186 1057 4231 dans
1075 4199 1124 4234 unc

34 4258 189 4312 curentque
200 4256 356 4305 ‚manuscrttc
374 4257 407 4303 du
423 4257 564 4306 monastbre
582 4259 612 4304 de
630 4260 729 4319 corate,
754 4269 803 4312 oue
826 4259 956 4304 Pascuase
977 4254 1037 4320 etott
1057 4257 1089 4305 ut
1107 4255 1124 4305 at

53 4330 141 4390 noue,
159 4333 183 4375 ot
201 4339 250 4384 que
273 4338 303 4378 ce
324 4326 362 4376 tut
379 4326 488 4375 stetero
504 4329 550 4385 cul
565 4327 671 4378 t'ourtns
692 4341 725 4377 en
741 4333 846 4377 rienes.
883 4325 1005 4373 stitutus
1027 4337 1045 4375 a
1065 4335 1123 4385 peut
