2714 4912
559 342 781 412 „77-

140 502 256 573 Christi
279 523 374 573 carne
396 513 427 571 et
446 502 617 595 sanguine,
645 497 722 569 dum
749 511 782 568 te
805 497 905 567 relieis
930 501 965 572 in
990 502 1135 572 interiore
1155 513 1211 574 tuo
1302 549 1305 553 -

134 593 347 661 incarnatione
367 591 454 658 verbi
482 602 515 657 et
540 589 697 680 passione,
724 599 762 656 ut
794 588 970 658 secundum
996 588 1212 677 humilitatem,

134 705 194 772 per
215 701 312 772 quarn
332 682 467 750 verbnm
488 701 563 748 caro
579 680 697 747 lactum
714 687 770 758 est,
786 687 818 744 et
833 679 1008 747 secundnm
1022 683 1212 771 patientiam,

135 793 319 861 perquam
347 772 533 861 sanguinem
560 767 652 848 ludit,
685 767 838 834 interioris
864 768 910 833 tui
936 770 1033 836 vitam
1059 771 1213 855 instituas,

135 871 253 947 quanta
265 858 369 940 debes,
380 856 561 938 humilitate,
573 866 689 946 quanta
699 855 805 937 debes,
822 856 958 922 emineas
969 860 1123 948 patientia,
1134 863 1212 930 utin

136 949 175 1014 iis
190 948 244 1014 tibi
259 949 299 1014 ad
322 950 453 1028 uiescas,
468 948 501 1012 in
516 948 552 1014 iis
571 946 624 1012 tibi
641 944 831 1036 adgaudens,
852 947 934 1011 sicut
947 947 979 1012 in
991 950 1142 1016 exteriore
1156 959 1212 1017 tuo

134 1039 169 1104 in
190 1037 266 1104 cibis
288 975 342 1102 tibi
363 1047 396 1103 et
415 1035 541 1124 potibus
561 1034 782 1125 adquiescise)
805 1071 850 1083 -
871 1033 947 1100 Non
968 1044 1029 1117 est,
1057 1060 1119 1126 quo
1148 1041 1213 1105 tra-

137 1136 223 1192 ctum
234 1128 360 1205 reseras,
379 1126 406 1191 si
415 1147 530 1215 panem
545 1122 722 1205 sustuleris,
744 1123 870 1214 quando
887 1123 972 1189 enim
987 1122 1098 1190 hocin
1114 1149 1214 1194 coena

137 1215 285 1281 dominus
306 1215 378 1280 feeit
399 1223 431 1281 et
451 1213 534 1295 dixit,
555 1236 671 1305 corpus
692 1213 791 1302 ipsius
813 1210 917 1279 adhuc
937 1213 1094 1304 integrum
1117 1224 1147 1280 et
1162 1216 1212 1281 in·

137 1304 353 1370 attaminatum
375 1303 498 1384 mansit,
518 1325 579 1369 nec
598 1303 629 1369 in
646 1325 695 1382 eo,
717 1301 804 1390 quod
822 1302 977 1391 sequitur:
1000 1300 1082 1370 edite
1096 1325 1137 1369 ex
1152 1301 1215 1370 hoc

139 1413 257 1472 omnes,
278 1413 452 1479 pronomen
472 1389 535 1458 boc
557 1390 596 1457 ab
618 1413 657 1457 eo
679 1392 822 1473 nomine,
850 1392 903 1457 cui
929 1393 1063 1459 tractum
1089 1390 1214 1481 adjace-

138 1478 190 1561 bit,
212 1482 325 1570 poterit
345 1480 500 1570 separari:
523 1489 555 1546 et
575 1501 617 1545 ne
638 1476 725 1559 illud,
745 1477 918 1568 itemsslaliud
935 1478 1006 1561 hoc,
1020 1478 1213 1550 ubidicitur:

135 1565 197 1635 hoc
218 1579 267 1635 est
281 1589 401 1661 corpus
417 1589 536 1648 meum,
558 1564 737 1659 pervertere
754 1566 923 1648 laborares,
944 1567 1084 1634 similiter
1099 1591 1214 1636 occur·
1238 1634 1241 1641 .

134 1658 175 1722 rit
189 1656 227 1724 B.
243 1655 427 1724 Ambrosius
444 1653 565 1723 dicens:
589 1653 675 1746 quod
691 1677 749 1745 pro
767 1654 873 1722 multis
888 1659 1107 1747 confringetur,
1125 1657 1216 1748 quasi

136 1755 169 1812 te
191 1745 322 1811 adrem
345 1744 496 1811 violenter
517 1755 645 1835 urgeret
667 1754 699 1810 et
719 1743 853 1813 diceret:
880 1743 942 1813 hoc
964 1747 983 1812 i.
1005 1769 1032 1813 e.
1053 1741 1133 1812 haec
1154 1768 1215 1828 res,

135 1835 155 1901 i
177 1831 279 1902 chio
301 1835 405 1923 panis,
433 1832 560 1923 quodi.
582 1857 610 1900 e.
632 1856 804 1924 quaeres,
830 1835 850 1900 i.
872 1857 898 1900 e.
926 1835 982 1924 qui
1007 1835 1098 1923 panis
1118 1833 1214 1902 modo

134 1925 252 1990 tracus
263 1943 321 2010 pro
333 1921 453 2011 paucis,
463 1925 526 2008 {pro
543 1921 634 1987 vobis
645 1921 812 1989 duodecim
822 1924 1042 2015 confringetur,
1059 1945 1116 2011 pro
1128 1922 1214 1991 mul·

135 2014 184 2093 tis,
207 2033 265 2101 pro
287 2008 429 2076 fidelibus
450 2010 545 2075 totius
565 2009 684 2090 mundi,
705 2021 754 2076 est
774 2032 891 2098 corpus
911 2035 1038 2093 meum;
1064 2012 1163 2081 habes
1182 2015 1216 2080 in

136 2098 312 2190 evangelio,
329 2097 417 2190 quod
430 2120 488 2190 pro
499 2096 589 2165 vobis
598 2097 745 2179 tradetur,
760 2096 858 2164 habes
867 2100 919 2181 ibi,
937 2100 1022 2189 quod
1033 2123 1090 2189 pro
1108 2100 1216 2168 multis

137 2192 386 2279 confringetur.¹¹)
419 2224 456 2238 —·
489 2184 586 2270 Quod
607 2186 729 2276 scripsit
748 2187 786 2255 B.
808 2187 1005 2255 Ambrosius:
1035 2211 1111 2256 vera
1139 2211 1214 2256 caro

137 2289 194 2359 est,
217 2300 314 2368 quam
337 2277 529 2367 accepimus,
549 2298 645 2341 verus
668 2286 716 2343 est
729 2277 868 2365 sanguis,
889 2297 954 2365 quo
971 2287 1129 2366 potamur,
1150 2300 1216 2345 non
1267 2292 1269 2296 ‘

137 2368 254 2434 debere
276 2367 376 2455 accipi
399 2367 544 2456 opinatur
564 2363 773 2446 Lanlrancus,
799 2365 859 2432 nisi
880 2365 921 2433 ad
941 2365 1139 2457 corporalem
1160 2388 1218 2458 per
1295 2377 1297 2381 ‘

137 2455 248 2524 dentes
271 2464 303 2521 et
325 2477 361 2520 os
382 2456 606 2521 comestionem
629 2463 662 2521 et
683 2453 872 2535 bibitionem,
901 2457 992 2545 quasi
1015 2478 1081 2524 non
1102 2457 1142 2522 sit
1162 2477 1216 2523 as·

138 2544 245 2613 solens
265 2544 298 2610 in
319 2544 482 2610 communi
502 2565 658 2623 sermone,
679 2541 961 2611 assolentissimum
985 2545 1019 2612 in
1048 2544 1218 2635 seripturis,

140 2634 240 2701 audiri
262 2630 490 2722 incorporalem
513 2633 638 2698 animae
659 2634 886 2698 comestionem
909 2643 1005 2721 atque
1027 2631 1218 2717 bibitionem,

138 2722 223 2791 unde
235 2721 379 2792 Christus
394 2724 478 2812 ipse:
501 2722 556 2810 qui
571 2718 742 2786 manducat
758 2741 821 2800 me,
842 2722 937 2787 etiarn
947 2723 1015 2811 ipse
1026 2723 1102 2786 vivit
1117 2743 1175 2812 pro
1200 2760 1217 2772 -

137 2822 186 2880 ter
195 2833 257 2877 me.
269 2811 400 2877 Certum
412 2819 460 2876 est
476 2820 593 2890 autem,
609 2808 735 2899 quando
753 2805 833 2875 haec
850 2808 980 2891 dicebat,
997 2808 1074 2878 irihil
1090 2832 1165 2877 eum
1176 2745 1218 2879 de

138 2902 343 2967 sacramentis
364 2897 469 2965 altaris
489 2901 696 2980 constituisse,
717 2909 750 2965 et
770 2896 860 2965 illud:
889 2897 959 2989 Ego
986 2899 1094 2967 cibum
1113 2898 1217 2968 habeo
1327 2910 1336 2921 '

139 2987 341 3071 manducare,
363 3010 461 3078 quem
479 3010 540 3054 vos
561 3007 626 3056 non
647 2989 783 3070 noscitis,
810 2987 866 3055 ubi
893 2989 1096 3058 relectionem
1123 3012 1217 3056 suam

140 3081 209 3146 sine
230 3077 325 3145 dubio
347 3077 585 3146 conversionem
607 3078 824 3146 Samaritanae
845 3079 1008 3171 etpopuli
1029 3082 1099 3169 ejus
1117 3080 1219 3166 accipi

139 3166 239 3234 voluit
262 3167 322 3234 cibi
342 3169 481 3250 nomine,
502 3191 585 3259 qnae
606 3168 746 3259 prolecto
772 3165 869 3236 corde
895 3168 1103 3236 manducatur
1131 3171 1219 3252 eet0)

141 3286 185 3306 ’-
209 3291 250 3306 --
272 3254 318 3322 lta
338 3256 437 3323 videri
456 3259 490 3325 in
512 3256 601 3324 altari
622 3256 722 3325 oeulis
742 3260 884 3347 corporis
909 3267 983 3345 post
1007 3256 1217 3323 consecratio-

140 3367 215 3412 nem
237 3347 326 3434 panis
348 3345 524 3434 subjectum
552 3345 699 3413 sensuale
726 3356 758 3411 et
782 3348 860 3426 vini,
889 3367 954 3411 non
978 3341 1079 3411 videri
1100 3353 1218 3425 autern,

143 3436 278 3524 quaein
300 3432 390 3499 coelo
419 3436 556 3521 reposita
577 3445 658 3514 sunt,
680 3455 795 3522 corpus
824 3443 856 3500 et
881 3435 1069 3523 sanguinem
1091 3431 1219 3515 Christi,

143 3523 227 3613 quia,
249 3524 276 3586 si
299 3531 369 3590 ante
391 3531 535 3610 tempora
555 3522 754 3589 restitutionis
776 3524 920 3590 omnium
942 3522 1058 3590 Christi
1079 3543 1218 3605 carnem,

140 3634 206 3680 non
228 3609 340 3692 dicam,
364 3609 462 3677 oculis
484 3633 522 3677 co
562 3609 753 3695 orisvideri,
775 3610 832 3679 sed
851 3611 885 3677 in
906 3612 996 3677 terris
1020 3607 1132 3677 alicubi
1148 3633 1219 3679 esse

141 3701 313 3781 constituis,
333 3710 441 3767 contra
462 3635 646 3790 proplietam
675 3698 794 3781 David,
816 3710 925 3767 contra
954 3697 1132 3789 apostolum
1154 3699 1218 3768 Pe·

142 3799 243 3868 tmm,
271 3800 378 3856 contra
399 3787 618 3879 coapostolum
641 3790 709 3879 ejus
731 3786 879 3869 Paulum,
907 3799 1015 3855 eontra
1041 3789 1219 3878 Scripturas

144 3874 336 3942 authenticas
357 3902 468 3945 omnes
489 3880 572 3945 lacis.
607 3878 778 3944 Constituis
799 3888 915 3959 autem,
937 3901 1001 3944 non
1016 3875 1138 3958 alicubi,
1162 3877 1219 3945 sed

143 3966 323 4051 ubicunque
345 3967 434 4034 coelo
456 3966 643 4038 devocatam
665 3977 736 4034 ante
758 3977 821 4032 tem
846 3990 901 4033 ora
926 3967 1125 4033 restitutionis
1147 3989 1217 4031 om-

144 4056 232 4122 nium
255 4052 371 4120 Christi
391 4078 518 4123 carnem
542 4058 661 4137 adesse,
684 4058 737 4146 qni
758 3990 844 4123 nihil
855 4059 997 4146 accipere
1011 4052 1120 4121 fideles
1135 4055 1220 4124 aliud

146 4142 312 4210 confirmas
334 4142 373 4207 ab
396 4142 495 4224 altari,
523 4148 584 4213 nisi
611 4167 739 4213 carnem
761 4144 945 4212 sensualiter
973 4153 1005 4210 et
1032 4145 1219 4233 sanguinem

147 4231 271 4313 Christi,
293 4230 378 4322 quod
398 4233 441 4297 ita
463 4243 510 4297 est
531 4246 639 4302 contra
660 4237 795 4302 rationes
809 4233 890 4314 fidei,
906 4241 947 4299 nt
960 4230 1065 4298 nullus
1080 4231 1219 4299 fidelium

146 4324 283 4411 cogitare
305 4320 418 4390 debeat
445 4343 481 4389 se
510 4320 550 4389 ad
576 4324 778 4391 refectionem
807 4324 931 4390 animae
959 4343 1037 4389 suae
1066 4322 1217 4414 accipere,
