2714 4912
658 306 885 370 ..g..·.

227 468 320 557 cujus
338 467 373 533 in
388 464 638 534 Christianorum
661 465 772 531 animis
793 473 956 552 tantopere
977 461 1072 530 infixa
1095 475 1163 532 erat
1179 485 1307 532 memo-

227 558 285 637 ria,
306 565 342 623 ut
363 579 438 623 cum
464 552 505 620 ad
532 575 656 620 sacram
684 573 818 620 coenam
841 550 1026 619 accederent
1053 562 1088 618 et
1113 575 1229 642 panem
1257 555 1308 621 vi·

228 667 372 735 numque
387 643 574 731 acciperent,
589 665 672 731 quae
687 643 827 732 corporis
842 639 936 708 oculo
953 639 1172 730 adspiciebanl,
1194 665 1310 710 eorum

228 756 382 800 summa
404 735 546 798 mentis
567 732 792 799 intentione
810 739 992 819 reputarent
1005 733 1173 798 notionem.
1202 731 1308 799 Nam-

229 846 294 913 que
367 818 592 888 emadmodum
620 842 702 909 opus
728 843 802 912 egre
826 821 856 884 ‘a
886 828 953 884 arte
981 822 1159 887 coniectum
1183 819 1310 889 divinae

227 912 319 1001 cujus
341 933 394 977 arn
413 911 531 1000 speciei
551 903 649 996 (ἰδέας
683 912 774 1000 quasi
821 914 933 999 goram
959 909 992 974 in
1020 919 1192 998 conspectu
1219 912 1311 999 ponit

228 998 408 1066 mortalium
437 1009 469 1065 et
496 1002 568 1092 ejus
591 1000 648 1080 rei,
675 1021 773 1089 quam
807 999 912 1064 animo
943 1007 973 1063 et
1000 1000 1188 1089 cogitatione
1217 1021 1308 1066 com·
1344 1056 1346 1060 ,

250 1087 404 1170 lectimur,
424 1091 569 1168 formam,
589 1098 625 1154 ut
645 1088 688 1155 ita
710 1086 822 1167 dicam,
845 1084 1020 1153 adumbrat:
1043 1088 1089 1154 sic
1111 1086 1310 1156 Eucharistia

226 1109 310 1244 filius
331 1169 521 1261 μυστηρίου
541 1176 642 1268 figura
663 1186 731 1244 erat
746 1175 942 1256 Christianis,
965 1178 1108 1264 quicum
1122 1175 1175 1243 illo
1199 1200 1308 1246 sacra-

227 1277 335 1334 mento
366 1265 566 1356 percipiendo
595 1267 787 1334 arctissimae
813 1267 954 1332 internae
982 1267 1208 1355 conjunctionis
1234 1267 1306 1334 vin·

226 1354 301 1423 cula
328 1379 404 1423 cum
431 1353 587 1422 salvatore
620 1353 859 1435 contraherent,
891 1351 1014 1420 divinae
1048 1352 1131 1420 illius
1169 1356 1310 1423 veritatis

226 1466 411 1534 expressam
431 1443 540 1511 videre
560 1453 712 1533 cuperent
739 1445 918 1534 imaginem.
962 1442 1108 1510 Attamen
1136 1467 1214 1511 mox
1240 1448 1308 1512 fac-

227 1542 297 1600 tum
319 1543 380 1615 est,
408 1542 458 1615 ut,
488 1535 543 1623 qui
569 1535 656 1615 visis,
683 1555 767 1623 quae
789 1530 933 1599 sensibus
955 1533 1185 1620 percipiuntur,
1213 1534 1310 1601 nimis

226 1620 364 1689 multum
385 1622 576 1704 tribuebant,
605 1644 751 1689 summae
773 1622 978 1711 cogitationis,
1006 1623 1098 1724 cujus
1123 1623 1215 1712 quasi
1241 1625 1307 1690 ior-

226 1733 315 1777 mam
342 1708 506 1779 externam
533 1710 779 1804 cognoscebant,
813 1711 941 1777 omnino
968 1708 1177 1800 negbgentes,
1204 1714 1309 1800 ipsam

226 1797 458 1868 Eucharistiam
480 1798 619 1868 oblatam
640 1798 682 1866 ad
703 1798 812 1867 Deum
838 1795 1028 1887 placandum
1050 1797 1172 1882 valere,
1200 1803 1308 1868 existi·

225 1897 357 1955 marent
402 1889 476 1973 Qua
497 1888 536 1955 de
559 1910 656 1957 causa
676 1890 710 1954 in
731 1886 889 1954 mentibus
911 1885 1101 1969 mortalium,
1150 1891 1183 1955 ui
1203 1893 1310 1981 magis

225 1979 393 2068 magisque
413 1999 434 2045 a
455 2001 531 2045 vero
555 1975 817 2058 abalienarentur,
845 1977 1019 2064 perniciosa
1047 1975 1101 2043 illa
1129 1911 1168 2047 de
1192 1980 1307 2046 suflra-

140 2108 145 2116 -
225 2065 287 2158 giis
306 2067 454 2135 vivorum
475 2089 533 2156 pro
554 2067 687 2134 mortuis
708 2063 871 2155 paullatim
891 2063 994 2132 haesit
1014 2067 1129 2154 opinio,
1151 2090 1234 2158 quae
1249 2070 1309 2135 esti

224 2152 314 2222 nullo
337 2156 461 2246 pietalis
483 2154 687 2223 fundamento
709 2156 784 2222 nixa
804 2176 909 2244 neque
933 2151 999 2221 ulla
1016 2155 1051 2223 S.
1068 2155 1101 2222 S.
1116 2154 1179 2223 loci
1195 2167 1304 2224 aucto·

224 2244 316 2311 ritate
337 2243 520 2313 confirmata
542 2255 598 2326 est,
620 2255 727 2311 tamen
748 2266 790 2310 ne
812 2242 851 2309 ab
870 2244 908 2309 iis
924 2240 1051 2332 quidem
1067 2243 1222 2312 ecclesiae
1235 2269 1305 2312 ma-

139 2370 144 2377 ·
224 2333 328 2424 gistris
354 2333 601 2423 improbaretur,
636 2332 717 2424 quos
744 2332 863 2424 ingenti
889 2333 1036 2400 acumine
1069 2330 1308 2426 disserendique

223 2419 395 2497 subtilitate
416 2421 574 2512 praeditos
594 2424 691 2490 luisse
713 2422 904 2511 accepimus.

231 2560 234 2566 ·
296 2532 326 2597 a)
346 2536 385 2586 ei.
403 2539 600 2595 iiosolnlnianua
622 2539 683 2587 lrlsl.
704 2549 814 2588 saetam.
839 2543 888 2584 tom
912 2539 933 2585 l.
956 2550 982 2594 p.
1003 2536 1061 2585 roo.
1084 2557 1120 2570 -
1142 2540 1262 2586 'restatur
1283 2541 1309 2588 iri

227 2607 303 2656 etlam
320 2610 478 2665 Augustinus
497 2609 538 2657 liu.
553 2610 622 2657 vill.
640 2610 671 2656 ue
689 2610 759 2657 olvit.
774 2609 822 2655 liei
840 2619 895 2664 oso.
915 2611 959 2655 ult.
978 2610 1018 2656 iria
1036 2610 1134 2657 vestu:
1154 2611 1310 2668 Quicumque

225 2680 300 2727 attam
324 2683 413 2736 epulas
437 2691 500 2729 suaa
524 2682 557 2727 at
580 2680 713 2728 memorias
737 2687 874 2736 martyrum
896 2680 1021 2740 deferunt,
1049 2691 1107 2727 cunr
1134 2683 1309 2745 apposuerint,

223 2757 298 2798 orant
315 2751 482 2812 clauserunt,
500 2757 528 2798 ut
545 2758 680 2799 vescantur
702 2754 745 2799 rel
769 2762 804 2798 ex
822 2750 854 2797 iis
872 2750 946 2798 eliam
969 2749 1135 2808 indigentibus
1157 2753 1307 2808 largiantur.
1333 2775 1340 2790 ·

224 2822 597 2878 utut.v1.co.ll.reiert:
626 2830 728 2869 multem
751 2833 823 2868 suam
847 2821 878 2868 art
907 2821 1039 2869 memorias
1062 2826 1210 2884 sanctorum
1238 2829 1308 2874 uitu-

224 2891 288 2940 lisso
304 2892 438 2939 Mediolani
454 2903 544 2948 panem
562 2899 587 2939 et
604 2904 706 2940 merum.
742 2892 873 2939 cnemnlrll
892 2903 998 2939 examen
1017 2903 1042 2949 p.
1063 2895 1122 2940 18⁶.

296 2956 325 3022 tr)
344 2962 384 3011 cl.
401 2963 503 3010 cbemn.
521 2975 629 3011 examen
647 2976 672 3019 p.
690 2965 751 3012 848·
770 2968 794 3011 lr-
1211 2992 1217 3003 ·

242 3031 245 3039 '
295 3031 326 3088 u)
344 3033 384 3083 ci.
401 3034 502 3081 cherua.
521 3046 563 3081 ex.
582 3047 607 3091 p.
618 3035 683 3083 ³49:
703 3056 737 3067 -
755 3035 888 3095 „seaunrm
907 3033 972 3082 actio
991 3043 1085 3083 coenae
1104 3035 1240 3084 dominicae
1255 3048 1304 3085 va·

224 3104 319 3152 teritus
336 3109 443 3152 vocatur
459 3106 616 3165 sacrificium,
639 3107 740 3164 oblatio,
757 3105 900 3164 immolatio,
918 3106 979 3158 qula
996 3117 1076 3152 coena
1094 3106 1216 3154 dominica
1232 3111 1303 3155 cale-

223 3178 310 3222 tratur
326 3181 351 3222 et
374 3183 511 3232 usurpatur
533 3177 559 3223 ln
581 3178 724 3223 memoriam
746 3187 793 3223 seu
816 3176 1073 3223 commemoratiouem
1096 3178 1163 3225 untel
1186 3179 1307 3227 sacrlieii

208 3245 318 3294 ‘curisti
340 3247 366 3292 lu
388 3257 462 3294 crues
485 3251 564 3295 semel
591 3250 695 3304 peracri.
736 3250 775 3294 lta
804 3247 963 3301 Augustinus
986 3247 1011 3293 ln
1033 3248 1076 3295 llo.
1100 3255 1220 3297 sentent:
1249 3262 1309 3299 euru

223 3317 348 3373 inungitur
370 3320 468 3375 nostia,
492 3319 548 3365 dum
570 3319 676 3374 sanguis
700 3319 730 3364 de
753 3317 832 3366 callos
854 3316 882 3362 iu
904 3327 950 3364 ora
967 3316 1075 3365 arelium
1097 3320 1222 3383 inuititur,
1247 3323 1307 3378 uult

224 3388 294 3436 adut
312 3399 387 3442 uuam
405 3389 519 3436 dominici
536 3390 649 3447 corporis
667 3390 693 3436 in
712 3400 785 3436 cruce
803 3387 937 3434 immolatio
953 3391 1059 3446 ejusque
1075 3392 1205 3447 sanguinis
1220 3394 1250 3438 rie
1265 3397 1306 3441 ia·

223 3462 277 3524 tere
295 3459 384 3507 allusio
402 3458 565 3514 designarunt
584 3463 622 3507 lle
639 3462 685 3508 ilde
703 3461 736 3507 ali
751 3462 820 3508 Peli.
838 3460 958 3514 cmviii.
978 3467 1003 3508 et
1021 3468 1107 3509 contra
1123 3465 1244 3510 baustum
1262 3465 1306 3512 lit.

225 3531 282 3576 xx.
304 3542 343 3587 ep.
368 3532 408 3577 18.
432 3534 495 3578 bace
518 3533 567 3578 tria
588 3532 653 3578 inter·
675 3543 706 3578 se
728 3520 836 3578 boniert:
860 3532 985 3579 sacrificia
1006 3532 1133 3588 Levitico.
1156 3535 1307 3583 sacrtioiuur

225 3599 319 3647 christi
335 3601 362 3647 ln
378 3613 462 3662 cruca,
481 3607 505 3648 et
513 3602 704 3649 immolationem
718 3602 831 3657 eorporis
847 3603 906 3658 aJua
920 3602 947 3648 in
964 3613 1050 3664 coena,
1069 3611 1093 3651 et
1109 3605 1173 3650 inter·
1187 3609 1251 3654 heae
1265 3614 1306 3655 la·

222 3670 272 3718 leur
289 3673 397 3717 ostenuit
413 3672 590 3722 differentiam:
615 3674 642 3720 ln
659 3685 734 3721 cruce
751 3674 871 3720 redditum
888 3674 970 3722 luisse
986 3675 1013 3722 in
1030 3677 1135 3722 veritate
1153 3678 1304 3727 sacrificium

223 3742 338 3796 eorporis
356 3748 380 3787 et
398 3744 528 3799 sanguinis
548 3745 653 3804 consil,
676 3745 702 3789 lu
720 3751 832 3790 velerum
848 3745 978 3793 sacrificiis
999 3746 1079 3793 luisse
1101 3746 1195 3801 lauras
1217 3755 1243 3795 at
1266 3750 1304 3797 sl·

223 3811 383 3873 militudiuea,
402 3814 571 3868 promittentes
583 3816 696 3862 ‘iratorum
716 3815 808 3862 curisti
825 3816 986 3875 sacrificium
1008 3816 1034 3861 in
1052 3826 1131 3862 coena
1149 3818 1240 3867 domini
1257 3832 1305 3876 per

223 3890 407 3932 sacramentum
425 3885 558 3931 memoriae
576 3885 697 3933 celebrari
714 3887 857 3932 memoriam
876 3899 923 3933 seu
936 3886 1189 3952 commemorationem
1204 3896 1228 3936 et
1241 3900 1302 3944 gra·

223 3955 314 4002 ilatum
333 3955 456 4002 sotionem
473 3957 622 4020 periecttet
641 3959 805 4005 consummati
822 3958 937 4004 saorticli
955 3957 1088 4004 christiin
1106 3971 1190 4008 cruce.
1221 3963 1252 4006 lit
1269 3962 1304 4008 ad

216 4025 382 4074 ‘Bouliaelum
406 4038 446 4082 ep.
471 4027 567 4074 xxiii:
585 4027 642 4074 iren
666 4040 706 4083 co.
729 4031 805 4077 clix.
828 4029 859 4075 art
883 4029 1035 4074 lionoratunr
1061 4031 1154 4078 tractat
1177 4032 1303 4091 cronois,

222 4100 290 4150 uuou
308 4098 377 4156 illuri,
397 4097 463 4151 quod
481 4099 589 4153 alieuius
607 4100 749 4145 memoriale
766 4107 814 4159 est,
832 4105 933 4154 propter
950 4099 1131 4147 similitudinem
1149 4112 1227 4156 saepe
1245 4096 1312 4158 etua'

222 4168 268 4227 rel,
286 4171 359 4225 euius
378 4169 585 4227 memorialem,
604 4182 691 4215 nomen
709 4171 818 4227 accipiat
845 4174 871 4215 ul
889 4170 1102 4226 appropinquante
1120 4175 1244 4218 Pasobate
1262 4175 1301 4220 di-

124 4296 127 4300 .
221 4237 312 4285 cimus:
332 4250 389 4285 eras
408 4244 452 4286 aul
473 4240 590 4295 perendie
608 4247 647 4287 cst
664 4241 751 4295 passio
767 4240 867 4297 carloil,
885 4251 941 4287 oum
959 4247 1035 4289 semel
1054 4249 1145 4289 tantum
1164 4248 1222 4289 ante
1235 4247 1300 4292 mui-

221 4315 261 4356 tos
281 4320 361 4357 anuos
378 4311 412 4357 sit
431 4321 533 4367 passus.
562 4315 602 4360 Ex
613 4308 703 4367 (liti)
717 4312 757 4359 llio
771 4311 895 4359 dominica
907 4312 1024 4362 uiuimus:
1042 4313 1114 4362 mula
1128 4315 1244 4364 cbristus
1258 4329 1298 4364 ra·
