2714 4912
562 343 783 410 ..01-

248 501 309 569 Hie
331 511 362 569 et
382 500 425 567 ibi
446 499 567 567 cautela
589 500 650 580 fiat,
671 521 712 566 ne
733 498 894 590 presbyter
915 502 1025 592 aegris,

249 593 311 658 Aut
332 592 414 656 sanis
436 589 550 655 tribuat
571 587 657 654 laicis
680 588 718 654 de
741 613 796 656 san
842 591 892 655 'ne
913 590 1043 657 Christi:

197 735 200 744 .
249 680 335 745 Nam
356 677 442 744 fundi
463 687 570 768 posset
590 677 699 743 leviter
720 679 800 767 simp
814 701 916 767 exque
936 689 1068 767 putaret,

251 767 345 853 Quod
366 791 430 836 nou
452 766 511 831 sub
533 768 638 853 specie
661 767 699 831 sit
718 768 813 832 Jesus
834 776 917 831 totus
939 777 1078 860 utraque.

138 866 170 924 et
192 857 410 947 Amulphus,0)
439 855 605 945 episcopus
632 853 733 936 urbis,
762 877 843 944 quae
871 866 1001 922 vocatur
1029 854 1211 938 Reclrester,

138 945 178 1011 ad
199 945 412 1024 Lambertum,
436 948 488 1031 qui
511 943 549 1008 de
571 965 654 1009 novo
674 942 727 1010 ille
751 966 840 1009 more
869 967 904 1009 se
927 946 1031 1010 mirari
1052 948 1227 1034 professus

104 1045 212 1116 *erat
240 1057 258 1100 a
287 1033 412 1101 Christo
440 1030 591 1098 ecclesiae
623 1031 779 1098 licentiam
814 1031 918 1097 datam
947 1056 1016 1098 esse
1043 1036 1212 1123 respondit,

138 1131 409 1189 sacramentorum
431 1143 468 1186 ea
488 1123 616 1202 ratione,
639 1143 702 1210 qua
721 1119 824 1203 vellet,
846 1120 1134 1203 distribuendorum,
1157 1147 1211 1189 ae-

138 1235 202 1302 que
225 1233 263 1275 ac
284 1209 440 1276 Robertus
461 1207 674 1299 Pulleynus,f)
704 1212 758 1300 qui
786 1233 849 1300 qua
875 1211 996 1277 ratione
1017 1209 1223 1278 Eucharistia'

134 1323 158 1365 a
180 1298 266 1364 laicis
288 1301 370 1364 sumi
392 1297 532 1379 deberet,
560 1322 695 1388 sponsae
723 1322 800 1365 suae
827 1301 1022 1365 commisisse
1049 1299 1212 1365 dominum

136 1386 252 1479 judicio
275 1389 422 1476 putavita
437 1389 539 1476 magis
561 1391 729 1477 ,magisque
756 1387 809 1453 illa
837 1386 999 1454 mutilandi
1026 1390 1213 1455 sacramenti

133 1476 332 1543 >consuetudo
362 1475 585 1556 asciscebatur,
617 1479 660 1542 ita
689 1487 808 1556 tamen,
837 1486 872 1542 ut
899 1499 960 1542 sec.
990 1475 1058 1542 XII.
1087 1479 1212 1567 potissi-

136 1586 227 1629 mum
249 1566 431 1630 auctoritate
453 1565 538 1630 Petri
559 1563 770 1645 Lombardi,⁸)
799 1565 854 1653 qui
880 1571 939 1630 sub
963 1564 1005 1630 du
1028 1566 1078 1631 lici
1106 1567 1212 1656 specie
1275 1579 1281 1590 “

133 1651 366 1719 Eucharistiam
388 1652 601 1743 accipiendam
629 1655 763 1734 censuit,
813 1653 960 1718 uominus
1019 1663 1084 1720 tera
1111 1654 1210 1744 negb·

137 1753 273 1832 geretur,
295 1763 315 1807 a
336 1740 440 1807 multis
468 1740 672 1832 impediretur
697 1676 920 1808 sacerdotibus.
966 1741 1031 1809 Sed
1057 1740 1144 1808 haud
1169 1744 1214 1810 ita

138 1828 239 1896 multo
261 1839 334 1919 post
350 1832 417 1919 jam
438 1830 809 1918 alexander-Halesum)
837 1840 869 1898 et
888 1832 983 1896 ritum
1003 1829 1094 1897 illum
1114 1830 1211 1898 laico·

135 1941 210 1986 rum
233 1942 252 1985 a
273 1916 426 1984 sumendo
443 1918 540 1984 calice
554 1919 818 2007 prohibendorum
839 1922 921 1986 fere
942 1919 1118 2010 ubique)
1141 1943 1213 1986 esse

131 2010 238 2086 refert,
261 2016 307 2072 et:
330 2017 477 2095 „propter
497 2006 674 2095 periculum
693 2010 864 2088 effusionis,
886 2007 972 2098 quod
992 2011 1071 2076 forte
1086 2008 1210 2076 accide-

132 2106 193 2176 ret,
216 2097 244 2161 si
264 2094 323 2161 sub
345 2098 451 2186 specie
470 2096 537 2162 vini
558 2095 804 2188 dispensaretur,
831 2106 899 2162 tum
921 2107 1050 2187 propter
1076 2099 1142 2163 vitii
1160 2099 1210 2163 in·

136 2181 290 2265 fidelitatis
304 2187 504 2264 amotionem,
519 2185 605 2275 quod
620 2208 654 2251 se
668 2208 733 2253 nen
746 2186 901 2250 immerito
917 2184 1105 2278 simpbcium
1120 2208 1212 2251 men·

136 2274 219 2339 tibus
242 2296 276 2339 se
297 2275 461 2363 ingereret,
483 2275 510 2340 si
531 2296 658 2364 semper
678 2273 737 2340 sub
760 2275 865 2366 specie
887 2274 982 2363 panis'
1004 2283 1035 2340 et
1062 2275 1127 2339 vini
1155 2272 1211 2340 da·

132 2369 251 2446 retur,“
273 2367 339 2429 'ure
360 2362 392 2428 id
413 2366 530 2429 factum
552 2387 623 2430 esse
633 2364 759 2453 judicat
793 2363 997 2429 Potissimum
1011 2385 1086 2429 vero
1103 2372 1218 2428 aucto.

135 2452 211 2518 ritas
233 2386 377 2517 Tfmmae
399 2452 598 2541 Aquinatisff)
628 2454 682 2543 qui
709 2462 741 2518 et
765 2452 880 2519 eadem·
908 2463 1091 2541 argumenta
1114 2451 1215 2520 attulit

132 2550 170 2605 et
191 2561 275 2605 nova
297 2539 420 2621 addidit,
441 2540 474 2605 id
496 2542 605 2622 effecit,
626 2552 661 2607 ut
683 2539 820 2631 populus
846 2563 912 2607 non
936 2544 1003 2630 jam
1032 2540 1072 2606 ad
1100 2543 1211 2607 vinum

137 2626 307 2694 bibendum
330 2629 500 2696 accederet.
543 2628 677 2711 Etenim,
698 2651 792 2710 „cum
814 2630 960 2718 perfectio
988 2629 1082 2719 hujus
1104 2651 1211 2695 sacra·

136 2717 243 2797 menti,
261 2717 540 2806 inquitThomas,
567 2741 630 2784 non
659 2727 743 2784 esset
767 2719 801 2783 in
827 2739 889 2783 usu
918 2714 1069 2797 fidelium,
1098 2716 1153 2782 sed
1178 2719 1215 2783 in

134 2809 371 2874 consecratione
391 2808 548 2888 materiae,
569 2805 646 2873 nihil
668 2805 832 2898 derogaret
849 2807 1029 2896 perfectioni
1046 2805 1144 2897 ‘hujus
1159 2828 1211 2872 sa·

137 2895 298 2976 crementi,
320 2896 346 2960 si
367 2893 504 2984 poptdus
524 2904 663 2962 sumeret
684 2918 800 2986 corpus
826 2895 894 2960 sine
923 2897 1088 2986 sanguine,
1117 2894 1212 2961 dum·

136 2981 234 3050 modo
256 2982 402 3050 sacerdos
423 3005 610 3051 consecrans
633 2995 774 3051 sumeret
794 2993 992 3074 utrumque.“
1028 2985 1131 3075 Atque
1145 2984 1212 3050 Bo-

137 3073 353 3157 naventnra,¹)
388 3073 443 3163 qui
469 3071 666 3140 subtilissime
694 3071 933 3139 discernendum
969 3073 1056 3138 duxit
1089 3074 1213 3152 „inter

138 3161 373 3249 signantiam
402 3172 438 3228 et
467 3163 688 3229 efficaciam
717 3163 950 3229 sacramenti
977 3185 1021 3227 ac
1046 3163 1133 3250 jure
1161 3162 1212 3226 fi-

136 3247 246 3315 deles
272 3252 455 3338 recipere
481 3253 700 3340 perfectum
727 3260 1017 3317 sacramentum
1045 3248 1114 3315 sub
1137 3270 1214 3314 una

135 3338 285 3428 specie,
309 3337 413 3425 quod
442 3339 488 3405 ad
511 3341 733 3406 efficaciam
761 3340 1031 3429 reciperent,“
1054 3336 1214 3428 judicavit,

135 3435 298 3514 tantopere
320 3425 418 3491 valuit
439 3426 523 3513 ap'ud
545 3429 666 3494 animos
688 3426 863 3507 hominum,
884 3437 920 3492 ut
941 3428 1038 3516 ipsius
1062 3427 1215 3492 sententia

135 3516 299 3582 communi
313 3537 470 3580 consensu
493 3512 644 3582 ecclesiae
659 3517 851 3607 probaretur,
875 3515 1122 3581 Constantiensis
1136 3537 1213 3581 vero

137 3602 249 3692 synodi
264 3613 374 3692 postea
388 3602 458 3693 lege
474 3604 652 3670 sanciretur.
680 3604 714 3671 ld
730 3603 815 3693 quod
829 3603 924 3670 nobis
932 3604 1048 3669 mirum
1063 3627 1127 3669 nen
1143 3627 1213 3670 esse

135 3691 244 3758 debet:
267 3691 319 3757 vel
341 3696 478 3758 maxime
502 3693 586 3758 enim
609 3694 735 3760 adeam
750 3692 921 3759 doctrinam
937 3695 1111 3781 praeparati
1127 3701 1214 3760 erant

135 3781 241 3846 anirni
283 3781 370 3847 Nam
397 3803 473 3847 cum
503 3780 644 3848 Thomas
678 3781 907 3849 monachorum
934 3781 1213 3861 dominicanorum,

135 3867 359 3936 Bonaventura
385 3873 648 3937 franciscanorum
675 3870 787 3937 eodem
816 3879 958 3961 tempore
986 3880 1091 3957 essent
1119 3881 1211 3936 oma-
1295 3904 1303 3922 ι

136 3967 253 4037 menta,
276 3955 314 4022 ab
337 3961 498 4048 utriusque
519 3960 613 4051 igitur
636 3959 750 4026 ordinis
774 3960 865 4024 sociis
892 3960 1128 4049 magistrorum
1143 3959 1212 4047 opi-

137 4048 248 4112 niones
270 4068 327 4134 per
349 4070 458 4113 omnes
479 4052 544 4115 fere
566 4057 664 4114 terras
685 4058 941 4139 propagarentur,
962 4051 1079 4113 factum
1101 4057 1156 4128 est,
1178 4057 1214 4112 ut

139 4158 235 4223 quam
258 4132 419 4201 celerrime
441 4138 472 4201 in
494 4138 672 4228 regionibus
695 4138 867 4227 spatiolum
887 4134 1049 4201 intervallo
1074 4135 1212 4201 distanti-

138 4220 207 4303 bus,
229 4221 347 4291 simul
369 4222 546 4290 sacerdotes
566 4230 598 4294 in
620 4226 682 4294 hoc
702 4229 849 4306 instituto,
878 4235 913 4289 ut
940 4227 981 4290 ita
1010 4222 1126 4306 dicam,
1153 4226 1212 4291 ini·

138 4312 292 4381 tiarentur.
337 4313 403 4398 Qui
424 4311 550 4405 quidem
571 4338 614 4383 ne
632 4319 666 4385 in
688 4337 810 4385 errores
830 4311 1021 4394 inducerent,
1043 4336 1139 4405 saepe
1156 4311 1225 4381 ad-.
1263 4310 1267 4336 ¹
