2714 4912
496 379 541 392 -·
582 343 628 409 53<
671 376 720 393 -v

63 500 165 568 cilicio
189 498 406 592 suspendatur,
430 509 462 566 et
483 501 509 565 si
530 521 588 589 per
610 502 679 588 ejus
704 500 857 568 incuriam
886 500 1003 592 aliquid
1031 504 1086 569 nel
1125 539 1142 555 -

63 589 143 657 dum
162 588 235 656 inde
258 591 427 679 contigerit,
449 589 583 741 graviori
606 588 763 676 subjaceat
785 589 921 656 ultioni.“

152 679 268 768 Neque
289 689 395 744 tamen
417 700 517 742 seam
545 676 891 746 transsubstantiationis
919 681 1079 746 notionem
1107 681 1144 749 irr

61 765 228 832 hominum
251 769 361 832 animis
385 767 474 855 quasi
488 763 665 853 insculpere
681 767 753 832 satis
768 765 951 848 habuerunt,
974 767 1030 834 sed
1046 771 1141 835 etiam

63 857 324 922 caerimoniarum
352 876 471 1007 pompla
499 851 735 945 splendorisque
762 854 914 922 illecebris
942 856 1140 948 permulcere

64 944 252 1012 studuerunt
275 942 393 1010 acidos.
460 947 555 1009 tenim
573 942 719 1009 Urbanus
741 941 796 1026 IV,
818 955 854 1009 ut
876 945 934 1012 sub
956 946 1141 1036 adspectum

62 1032 172 1123 populi
192 1035 261 1123 ipsa
284 1031 424 1097 mutandi
445 1035 522 1099 ratio
544 1030 765 1121 subjiceretur,
791 1037 936 1100 festum
958 1036 1139 1125 corporis

63 1124 94 1188 le
123 1123 161 1189 O.
194 1144 333 1211 eumque
365 1122 505 1186 omnium
538 1118 591 1187 vel
622 1123 761 1189 maxime
798 1121 973 1189 solemnem
1006 1124 1142 1190 instituit.

62 1209 162 1276 Erant
184 1219 290 1276 autem
311 1208 393 1274 illius
415 1211 503 1299 quasi
525 1211 727 1276 fundamenta
745 1213 811 1301 jam
840 1222 913 1277 ante
939 1210 1023 1276 illius
1052 1221 1137 1278 aeta-

62 1310 131 1365 tem
153 1300 239 1364 ‘aeta
283 1297 378 1388 Origo
401 1301 484 1364 enim
507 1301 575 1388 ejus
606 1299 666 1366 diei
694 1303 763 1366 festi
785 1299 846 1368 hoe
868 1301 963 1367 modo
985 1298 1064 1366 tradi
1085 1323 1138 1366 so-

63 1386 124 1453 let:
149 1322 306 1454 ltobertus
335 1388 503 1488 episeopus
530 1387 892 1493 Leodiensis,npropter
924 1387 1141 1470 revelationes,
1199 1468 1202 1473 1

65 1497 144 1566 quas
165 1475 299 1556 Juliana,
321 1479 467 1567 priorissa
490 1478 604 1541 montis
627 1477 765 1545 Cornelu
788 1490 821 1546 et
850 1479 951 1545 amica
979 1480 1048 1570 ejus
1068 1476 1139 1547 Eva

62 1566 150 1655 virgo
172 1562 297 1632 reclusa
319 1575 351 1631 et
371 1563 503 1631 Isabella
520 1565 577 1630 sibi
591 1565 736 1632 divinitus
752 1566 964 1656 suppeditatas
977 1589 1048 1633 esse
1062 1589 1139 1656 pro-

61 1654 164 1720 fessae
186 1663 283 1734 erant,
305 1664 340 1719 ut
360 1653 412 1720 hic
432 1657 530 1720 festus
553 1653 620 1719 dies
642 1654 681 1721 ab
703 1653 811 1722 incolis
832 1654 1060 1723 Leodiensibus
1082 1678 1137 1721 ce-

61 1740 242 1824 lebraretur,
264 1724 431 1808 mandavit.
473 1741 599 1810 Juliane
621 1745 705 1812 enim
727 1768 822 1847 saepe
849 1754 1012 1834 tantopere
1033 1740 1139 1824 divino

61 1831 255 1898 inflammata
277 1842 342 1898 erat
361 1833 518 1913 instinctu,
539 1842 582 1912 ut,
606 1857 705 1922 quum
728 1857 869 1900 ammom
892 1856 911 1899 a
932 1855 1063 1923 corpore
1085 1855 1138 1898 se-

59 1922 214 2010 jungeret,
234 1922 266 1985 in
288 1918 377 1986 coelo
398 1922 466 2009 ipso
489 1921 598 1987 sedem
627 1945 718 1989 suam
741 1923 798 1989 sibi
818 1920 991 1990 collocasse
1012 1921 1137 1988 videre·
1234 1921 1236 1925 ’
1305 1919 1307 1924 ’

61 2019 120 2075 tur.
169 2007 318 2098 Namque
345 2009 465 2097 quoties
494 2008 694 2098 precabatur,
725 2014 815 2078 toties
849 2011 952 2079 divina
980 2009 1136 2101 quaedam

61 2099 167 2187 imago
190 2106 261 2162 ante
283 2098 350 2186 ejus
374 2095 482 2163 oculos
505 2096 735 2179 obversabatur,
756 2098 871 2189 plenus
893 2100 1020 2188 quidem
1040 2099 1137 2165 lunae

63 2185 161 2269 orbis,
189 2185 246 2251 sed
273 2195 360 2275 parte
389 2186 526 2276 quadam
548 2185 726 2268 distractus,
760 2211 822 2278 quo
852 2189 941 2277 signo
970 2184 1136 2255 ecclesiam
1175 2252 1177 2256 ,

62 2298 126 2342 uno
148 2277 226 2357 sesto
249 2298 357 2341 carcre
379 2273 563 2342 catholicam
586 2274 758 2366 significari,
780 2275 967 2343 revelatione
982 2298 1136 2365 percepe-

62 2374 119 2444 rat,
140 2373 171 2430 et
191 2385 294 2453 papae
314 2364 449 2430 indicare
468 2365 557 2453 jussa
579 2374 652 2431 erat
691 2364 783 2448 Quae
803 2388 877 2432 cum
894 2366 986 2431 nimis
1000 2386 1136 2454 magnae

63 2463 147 2520 esset
160 2452 347 2533 modestiae,
370 2454 476 2542 viginti
498 2476 596 2519 annos
619 2452 657 2519 de
681 2477 719 2521 ea
738 2478 772 2521 re
793 2456 896 2536 tacuit,
915 2452 1043 2520 tandem
1057 2477 1138 2520 vero

63 2540 193 2621 Jacobo,
215 2539 439 2622 archidiacono,
462 2544 514 2632 qui
536 2551 646 2631 postea
666 2543 785 2611 Urbani
796 2543 849 2611 IV.
870 2545 997 2610 nomine
1018 2543 1135 2608 summi

63 2628 215 2720 pontilicis
243 2629 389 2720 dignitate
417 2629 597 2712 ornabatur,
626 2654 707 2720 quae
734 2632 867 2711 viderat,
896 2634 1024 2721 aperuit.
1069 2629 1135 2712 Qui

64 2718 192 2808 quidem
214 2742 334 2784 novum
357 2719 440 2784 diem
461 2722 575 2786 festum
596 2720 818 2785 instituendum
841 2718 990 2800 decrevit,
1019 2718 1075 2787 sed
1100 2719 1135 2787 in

64 2810 148 2898 ejus·
169 2806 358 2874 dubitatione
389 2806 496 2874 haesit
547 2808 634 2875 Tum
668 2817 773 2874 autem
805 2807 957 2890 Isabella,
989 2805 1135 2876 Julianae

65 2896 178 2976 amica,
200 2918 281 2985 quae
303 2896 512 2963 ante'Christi
533 2896 671 2964 crucifixi
691 2907 825 2963 statuam
848 2897 979 2989 genibus
1000 2894 1132 2963 obvolu-

62 2986 101 3051 tis
130 3007 177 3050 se·
193 2995 415 3076 prostraverat,
448 2988 563 3052 testum
589 2985 666 3052 illud
692 2987 831 3052 trinitatis
860 2987 982 3054 divinae
1007 3008 1134 3076 semper
1174 3005 1178 3019 ·

62 3075 174 3154 luisse,
189 3095 191 3100 ·
209 3074 338 3140 demum
366 3096 441 3140 vero
469 3098 507 3141 ee
536 3084 636 3142 aetate
662 3073 839 3143 hominibus
866 3074 1034 3144 colendum
1062 3098 1134 3142 esse
1189 3094 1190 3097 ’

64 3178 261 3254 cognoverat
306 3162 428 3248 Quibus
451 3165 642 3254 argumentis
669 3163 786 3232 confisa
807 3164 931 3233 Juliana
959 3187 1016 3252 per
1042 3161 1133 3230 clen'-

63 3275 138 3318 cum
161 3252 319 3341 quendam
345 3251 439 3340 hujus
467 3255 527 3319 diei
546 3255 616 3320 festi
643 3252 798 3344 liturgiam
827 3255 983 3320 constituit
1009 3249 1132 3319 theolo-

64 3342 174 3430 gisque
195 3337 225 3405 le
249 3340 361 3406 endam
382 3340 511 3422 tradidit,
535 3344 588 3432 qui
610 3341 650 3408 ad
671 3367 771 3408 unum
794 3364 904 3409 omnes
925 3365 989 3408 non
1010 3340 1050 3407 ab
1071 3339 1132 3407 ho·

63 3431 158 3510 mine,
180 3365 247 3496 sed
259 3428 301 3511 ab>
318 3429 387 3518 ipso
409 3440 549 3495 creatore
572 3429 649 3495 lucis
664 3454 736 3495 eam
750 3432 955 3518 compositam
969 3451 1040 3495 esse
1055 3451 1131 3496 cen-

64 3527 202 3586 suerunt
245 3518 390 3584 Attamen
410 3518 443 3583 in
465 3517 550 3583 nulla
573 3516 633 3583 alia
656 3517 805 3599 dioecesi,
832 3520 891 3586 nisi
911 3521 944 3585 in
965 3516 1132 3586 Leodiensi

64 3605 213 3674 celebrari
234 3616 374 3694 coeptus,
396 3615 432 3672 ut
452 3609 613 3672 communi
634 3607 785 3674 eeclesiae
805 3630 961 3676 consensu
981 3605 1131 3696 probare-

62 3705 123 3776 tur,
144 3696 222 3777 Eva,
242 3693 386 3761 Julianae
409 3696 523 3776 amica,
551 3694 673 3763 efficere
701 3719 765 3762 non
791 3698 898 3784 potuit
942 3695 1006 3764 Sed
1034 3695 1131 3760 mira-

62 3783 186 3864 culum,
214 3783 299 3874 quod
320 3783 469 3850 Vrdsiniis
495 3786 528 3849 in
550 3783 684 3861 dioecesi
712 3795 743 3850 et
768 3782 881 3852 ditione
901 3783 988 3853 Urbe
1007 3784 1132 3852 Vetana

62 3871 182 3939 editum
204 3884 278 3954 erat,
299 3872 463 3941 Urbanum
484 3871 536 3940 IV.
557 3870 781 3939 revelationum
803 3897 822 3940 a
841 3872 973 3942 'mrdiere
985 3881 1129 3959 accepta·

64 3983 136 4028 rum
157 3959 242 4026 haud
262 3963 489 4043 immemorem,
510 3971 547 4028 ut
566 3963 731 4028 universae
744 3961 894 4030 ecelesiae
908 3961 1129 4031 celebrandum

64 4073 135 4117 esse
145 4060 296 4130 censeret,
304 4051 434 4141 impubt.
448 4051 533 4119 Nam
548 4074 623 4117 cum
633 4049 823 4118 sacrificulus
839 4051 1022 4142 quispiamt)
1039 4073 1130 4119 sacra

64 4142 234 4207 missarum
248 4137 397 4204 solemnia
415 4140 593 4220 celebraret,
608 4151 803 4208 sacramento
820 4144 969 4219 contecto,
981 4137 1020 4204 de
1040 4139 1129 4229 panis
1151 4201 1154 4207 .

66 4239 97 4295 et
108 4230 170 4294 vini
180 4226 515 4296 transsubstantiatione
527 4229 676 4297 etChristi
686 4254 817 4321 corpore
827 4228 982 4294 dubitavit.
1003 4227 1127 4312 Quam·
1174 4309 1177 4313 ,

66 4317 175 4386 obrem
197 4319 299 4386 statim
323 4337 363 4383 ex
376 4314 486 4400 hostia,
509 4341 605 4408 quam
622 4320 766 4387 manibus
789 4317 921 4400 tenebat,
943 4319 1040 4388 vivus
1054 4341 1127 4388 sau-
