2714 4912
559 339 780 407 ιιι-73..

135 502 324 564 putrltouenrent
341 502 417 562 apres
433 509 517 554 tontes
532 507 572 554 tes
586 505 739 560 anturrttonr
752 509 849 562 nuent
891 510 961 558 ruott
974 510 1119 561 unrehtes.
1141 515 1213 562 certe

117 573 232 636 'preuue
249 578 373 625 eouflroit
390 579 472 631 uncnd
490 581 543 624 elle
559 578 639 623 serott
657 580 736 623 reule.
771 580 845 631 Mais,
870 583 890 627 1.
913 581 932 627 u
952 583 1034 639 fattolt
1051 595 1100 638 que
1117 585 1213 632 Beren-

136 643 182 704 ger
200 641 270 696 n‘erit
287 660 335 705 prs
353 648 429 696 ccclii
447 641 587 704 tencteros
605 659 649 693 ses
667 649 801 695 sentiscens
818 650 874 704 uuis
892 653 953 705 uu'tt
970 654 1030 700 etoit
1047 651 1064 701 ri
1081 657 1153 711 peine
1171 669 1213 702 re-

134 727 204 766 nenu
220 720 250 765 de
267 721 346 766 Rome
363 723 439 775 qu¹on
456 719 583 774 l'ooltgeat
601 719 632 764 tte
649 720 737 764 rendre
754 727 851 774 compte
869 722 899 766 rte
917 735 948 769 ru
962 724 1007 770 Foi
1022 727 1132 774 eunoun
1146 728 1213 774 von-

133 791 185 835 otle
202 792 328 838 essemtrto
345 787 362 837 ri
379 792 515 836 Borrteeux
532 791 584 835 l'an
604 789 681 836 1⁰88.
716 792 766 837 tn.
790 793 829 837 Un
846 793 977 848 Anonyme
995 806 1044 849 que
1062 800 1085 843 te
1103 801 1134 846 ι),
1152 799 1214 846 cur.

135 860 178 906 ttet
197 872 214 908 a
231 862 321 922 carue,
340 869 365 908 et
383 862 427 915 unt
445 861 551 908 ecnvolt
567 862 620 907 l'cn
640 860 707 907 tosti
725 873 771 908 eon
788 862 873 909 t'rclte
891 866 945 911 Des
963 869 1165 916 condemnatione
1183 872 1214 916 ‹te

134 924 278 992 perenger,
301 937 327 980 te
350 932 445 979 trettott
468 944 558 977 encore
582 933 787 986 d'fleresierque:
814 939 840 980 et
867 935 908 983 s’it
930 936 989 981 etolt
1011 942 1141 995 cererique
1164 943 1214 989 t'an

137 1002 217 1049 1088.
235 1004 253 1049 tt
271 1007 295 1051 le
313 1005 350 1050 fut
366 998 471 1058 juoou'ri
489 1007 515 1048 te
531 1008 602 1062 mort,
621 1005 678 1058 puis
702 1005 762 1057 uu'tt
784 1005 835 1051 ltntt
859 1016 889 1052 sa
913 1007 954 1052 vte
978 1008 1004 1052 le
1024 1006 1102 1056 meme
1124 1013 1213 1073 eunte,

136 1074 214 1128 uu'on
232 1076 268 1119 tut
287 1074 388 1119 donnott
407 1087 435 1120 ce
454 1074 519 1119 tttre.
554 1075 599 1119 IV·
617 1076 652 1121 ce
669 1075 707 1120 fut
725 1076 796 1122 aussi
815 1082 983 1130 uparemment
1000 1079 1026 1123 la
1040 1077 1117 1127 rueme
1134 1084 1214 1131 annio

136 1145 214 1194 1⁰88.
233 1156 285 1198 oue
303 1144 429 1192 bantrauc
446 1146 552 1191 adressa
569 1156 601 1192 sa
618 1149 691 1190 tertre
713 1143 730 1192 ὲ
754 1145 877 1200 nogiomo
900 1147 970 1195 Abte
992 1148 1023 1193 tte
1045 1155 1081 1196 st.
1105 1153 1216 1206 cyprian
1304 1162 1307 1168 ·

133 1216 166 1263 de
184 1216 302 1274 Potttcrs,
319 1217 383 1272 dens
400 1209 511 1270 laquelle
528 1217 547 1262 il
565 1218 691 1271 regardott
710 1229 799 1264 encore
817 1220 944 1275 Berenger
962 1229 1056 1266 comme
1078 1232 1112 1267 un
1131 1224 1214 1269 retito-

134 1270 246 1339 itr'ottuue
263 1286 373 1341 engagto
391 1289 453 1334 dens
475 1288 588 1334 diverses
607 1299 707 1334 erreurs
731 1301 775 1335 sur
792 1291 816 1334 J.
835 1291 927 1336 Christ.
963 1291 990 1336 Sl
1008 1291 1136 1347 Bereuger
1154 1292 1216 1341 etoit

135 1367 228 1402 encore
250 1358 428 1411 schtsmottuue
449 1362 475 1404 et
499 1359 562 1404 dans
586 1350 691 1405 l’erreur
712 1359 812 1407 l'annr'ee
835 1361 865 1406 de
883 1372 913 1407 sc
930 1369 1007 1421 mort,
1032 1365 1058 1408 le
1076 1365 1215 1422 penttencc,

136 1427 213 1480 uu'ou
231 1428 266 1472 tut
283 1428 397 1488 attribue,
416 1434 456 1475 est
473 1429 629 1483 tmcgtnatre.
664 1434 758 1478 'rentes
776 1442 819 1477 ces
836 1444 945 1488 preuves
963 1439 1021 1480 sont
1038 1434 1170 1494 contrives,
1189 1439 1215 1481 et

134 1497 188 1544 font
205 1498 260 1544 coir
279 1499 527 1546 troentestcnrement
550 1509 601 1552 oue
623 1501 749 1557 berenger
772 1503 947 1552 n‘aoonoounc
963 1505 1058 1559 lemeis
1080 1506 1111 1553 de
1134 1509 1215 1555 henne

135 1568 171 1616 lul
187 1579 233 1618 ses
244 1569 385 1618 *marimens
400 1571 433 1617 etc
448 1570 634 1620 t'Euchurts'tte.
673 1573 776 1630 noento.
793 1585 820 1631 p.
837 1575 898 1620 otc.

623 1766 653 1853 o.
676 1770 728 1834 22.

221 1911 395 2005 Reliquum
415 1924 479 1997 cst,
506 1925 542 1982 ut
562 1915 747 2009 Berengarii
766 1916 868 2006 ipsius
888 1915 986 1986 verba
1007 1942 1056 2003 ea,
1079 1941 1120 1988 ex
1141 1924 1213 2014 qui-

132 1999 194 2069 hus
214 2000 299 2069 illius
318 2026 395 2070 uera
416 2004 570 2072 sententia
589 2006 739 2096 cognosci
760 2029 857 2098 posse
877 2008 1030 2094 videatur,
1060 2011 1215 2103 quemad·

132 2088 266 2159 modurn
289 2115 386 2184 supra
408 2091 480 2174 dixi,
501 2095 639 2161 afferam
1177 2166 1181 2173 ,

222 2181 339 2263 ,l'anis
361 2191 394 2248 et
412 2184 533 2265 vinum,
555 2181 692 2273 quaein
714 2179 803 2251 altari
824 2195 994 2275 ponuntur,
1015 2191 1088 2275 post
1101 2208 1213 2254 conse·

134 2270 307 2337 orationem
333 2281 407 2338 sunt
434 2282 639 2340 sacramente
681 2271 774 2340 Item:
803 2275 894 2365 panis
923 2284 955 2341 ct
980 2275 1106 2357 vinum,
1133 2298 1217 2365 quae

134 2369 295 2516 ppnuntur
315 2360 350 2427 in
372 2358 477 2444 altari,
504 2371 578 2429 sunt
597 2382 712 2430 verum
739 2384 856 2452 corpus
878 2361 995 2431 Christi
1021 2374 1053 2432 et
1079 2367 1217 2454 sanguis.

168 2446 326 2514 trumlibet
345 2447 461 2516 horum
483 2453 687 2533 concesseris,
707 2471 823 2540 panem
845 2473 1013 2540 superesse
1039 2462 1111 2541 post
1138 2476 1216 2521 con-

133 2538 342 2604 secrationem
364 2537 397 2604 in
418 2561 529 2607 mensa
549 2538 717 2620 dominica,
739 2541 825 2607 omni
845 2539 957 2632 procul
971 2540 1121 2632 ambiguo
1137 2564 1216 2610 con·

135 2627 266 2708 cessisti,
287 2624 488 2717 multumque
509 2650 529 2693 a
551 2651 587 2694 se
606 2628 676 2719 ipso
695 2626 834 2711 dissidet,
857 2630 912 2719 qui
933 2627 1014 2710 dicit,
1030 2642 1157 2720 'panem
1183 2633 1218 2699 in

134 2713 225 2782 altari
244 2714 445 2784 materialiter
466 2714 600 2798 absumi,
621 2725 654 2784 et
673 2714 875 2785 nihilominus
896 2719 1049 2784 enuntiat:
1072 2720 1163 2807 panis
1185 2730 1217 2787 et

134 2806 255 2884 vinum,
277 2828 360 2892 quae
381 2815 541 2895 ponuntur
561 2806 595 2873 in
616 2802 714 2885 altari,
735 2816 809 2874 sunt
829 2828 942 2873 verum
964 2805 1080 2874 Christi
1100 2829 1218 2898 corpus

135 2901 170 2959 et
191 2895 334 2982 sanguis,
361 2916 539 2982 verumque
566 2893 811 2962 irrevincibiliter
838 2903 957 2976 manet,
991 2918 1103 2978 omne,
1132 2895 1218 2988 quod

136 2991 195 3062 est,
216 2980 300 3049 aliud
322 3004 394 3050 esse
415 2983 447 3049 in
469 3005 518 3063 eo,
541 2981 628 3072 quod
649 2992 707 3063 est,
728 2981 814 3050 aliud
840 2984 874 3051 in
902 3006 957 3066 eo,
986 2985 1073 3075 quod
1099 2983 1217 3076 aliquid

135 3080 194 3151 est,
215 3092 275 3138 nec
297 3092 391 3161 posse
413 3071 576 3162 quippiam
598 3069 715 3161 ahquid
736 3094 816 3153 esse,
837 3072 890 3139 cui
911 3075 1084 3165 contingat,
1109 3077 1217 3163 ipsum

136 3181 202 3227 non
224 3164 330 3246 esse.·)
352 3197 397 3211 —
420 3162 519 3242 Sicut,
542 3161 598 3251 qui
619 3159 707 3238 dicit:
736 3161 881 3230 Christus
909 3172 957 3230 est
984 3185 1131 3229 summus
1159 3184 1217 3230 an·

138 3246 257 3339 gularis
276 3247 373 3338 lapis,
399 3247 561 3317 Christum
589 3272 654 3318 non
681 3251 795 3330 aufert,
822 3250 985 3318 Christum
1011 3272 1084 3318 esse
1111 3252 1217 3320 animo

136 3338 302 3418 constituit,
323 3338 375 3418 ita,
404 3338 459 3426 qui
481 3336 567 3418 dicit,
595 3339 685 3428 panis
711 3337 817 3406 altaris
843 3335 1042 3405 solummodo
1068 3350 1117 3407 est
1145 3362 1216 3408 cor·

137 3447 200 3515 pus
222 3425 346 3506 Christi,
369 3447 484 3516 panem
504 3425 538 3492 in
560 3424 649 3494 altari
671 3448 741 3493 esse
763 3448 829 3494 non
849 3437 954 3516 negat,
975 3449 1093 3517 panem
1115 3438 1146 3495 et
1167 3430 1216 3495 vi-

138 3536 217 3583 num
240 3536 311 3583 esse
332 3513 496 3582 confirmat
517 3515 550 3581 in
573 3535 683 3581 mensa
703 3513 899 3600 dominicai)
921 3552 965 3565 -
988 3517 1078 3584 Sicut
1099 3518 1155 3607 qui
1169 3517 1216 3586 di·
1297 3565 1299 3569 -

140 3605 196 3671 cit:
219 3601 364 3671 Christus
386 3613 435 3670 cst
456 3600 535 3693 lapis
557 3602 730 3693 angularis:
759 3609 824 3671 nori
850 3626 962 3671 revera
984 3604 1147 3672 Christum
1167 3606 1216 3674 la·

139 3691 244 3780 pidem
266 3714 338 3760 csse
364 3693 535 3773 constituit,
568 3692 625 3762 scd
656 3702 784 3784 propter
810 3691 949 3782 aliquam
976 3691 1217 3777 similitudinem,

141 3795 239 3870 quam
261 3778 301 3846 ad
322 3803 358 3847 se
379 3781 514 3847 invicem
536 3792 658 3871 gerunt,
679 3782 741 3850 tale
761 3804 880 3851 nomen
899 3782 930 3848 ei
941 3782 1083 3873 imponit,
1104 3782 1219 3850 eodem

141 3864 248 3949 modo,
268 3891 342 3936 eum
364 3869 468 3936 divina
489 3872 605 3959 pagina
626 3894 742 3962 corpus
763 3870 883 3938 domini
903 3893 1019 3960 panem
1041 3883 1143 3955 vocat,
1163 3895 1216 3940 sa·

142 3965 228 4026 crata
250 3965 281 4022 et
301 3960 432 4044 mystica
453 3957 613 4028 locutione
634 3959 666 4027 id
688 3961 788 4051 agit.⁰)
810 3996 856 4009 -
877 3957 1001 4027 Dicitur
1027 3962 1060 4028 in
1081 3963 1215 4052 scriptu·

140 4048 183 4113 ris
205 4044 295 4136 panis
324 4043 426 4112 altaris
454 4046 494 4114 de
515 4049 599 4137 p'ane
619 4047 685 4119 lieri
705 4070 822 4138 corpus
843 4047 974 4130 Christi,
1000 4052 1080 4118 sicut
1107 4073 1218 4118 servus

141 4132 245 4205 matus
266 4132 378 4202 dicitur
405 4133 470 4200 ficri
496 4135 535 4203 de
563 4136 647 4205 malo
677 4159 770 4220 servo
799 4138 902 4205 bonus
929 4136 1024 4220 lilius,
1050 4161 1116 4207 non
1143 4141 1219 4229 quia

143 4224 280 4290 amiserit
307 4223 431 4291 animae
458 4228 602 4314 propriae
627 4238 773 4296 naturam
799 4239 856 4296 aut
881 4229 1037 4314 corporis,
1069 4225 1153 4296 unde
1180 4228 1217 4296 B.

142 4311 324 4382 Ambrosius
344 4312 377 4382 in
398 4308 478 4382 libro
500 4311 539 4382 de
560 4319 772 4399 sacramentis,
791 4313 1005 4387 inductionem
1032 4317 1149 4388 taciens
1176 4316 1217 4384 'ad
1305 4379 1307 4382 ,

110 4538 176 4651 ,a
