2714 4912
664 380 707 395 ...
743 345 795 410 „16
840 378 882 394 ..-

227 517 293 574 tem
315 502 506 594 purgatorio,
526 504 695 592 praecipue
717 468 877 569 miraculis
898 454 1063 592 permffs
1079 498 1306 591 prodigiisque,

229 594 269 661 de
285 593 398 683 quibus
412 590 562 673 audierat,
581 590 737 673 inductus,
758 592 800 656 ita
815 589 969 682 probaret,
989 600 1024 655 ut
1039 590 1132 659 etiam
1148 587 1307 679 dogmatis

228 684 444 751 auctoritatem
455 682 487 749 S.
500 678 533 748 S.
545 679 730 748 confirmare
745 680 921 760 conaretur,
936 701 1000 746 non
1013 688 1079 744 tam
1091 677 1131 744 ad
1142 676 1306 745 solemnes

227 781 427 838 mortuorum
453 771 624 837 memorias
650 766 862 848 renovandus,
897 791 994 859 quam
1027 766 1068 834 ad
1103 768 1226 834 animm
1261 789 1305 833 ex

226 861 348 951 ignium
370 859 505 926 flammis
527 857 703 1014 eripiendas
723 855 953 924 Eucharistiam
976 854 1167 923 offerendam
1189 854 1304 923 deere-

227 950 298 1035 vitl)
327 950 381 1017 Sic
402 946 502 1015 multa
522 948 556 1014 in
605 970 735 1014 onorem
758 947 948 1014 Sanctorum
976 955 1007 1012 et
1033 944 1074 1013 ad
1101 956 1305 1012 mortuorum

226 1035 360 1105 salutem
389 1036 568 1128 augendam
595 1038 764 1103 missarum
798 1056 915 1125 genera
942 1036 1070 1102 inventa
1098 1044 1185 1116 sunt,
1218 1056 1305 1125 quae

249 1137 421 1216 uantopere
442 1126 483 1192 ad
503 1126 586 1191 vitae
609 1126 803 1192 sanctitatem
825 1121 1029 1212 polluendam
1056 1133 1088 1190 et
1108 1146 1203 1191 verae
1225 1146 1305 1215 erga

260 1239 335 1282 eum
357 1216 479 1304 pietatis
501 1216 592 1305 quasi
609 1237 724 1282 nervos
737 1211 902 1280 illidendos
917 1211 1080 1294 valuerint,
1094 1214 1178 1280 infra
1194 1222 1302 1280 osten-

225 1304 347 1372 demus.
370 1305 456 1391 Quin
478 1305 572 1369 etiam
592 1301 727 1394 populis,
750 1304 805 1393 qui
825 1300 865 1368 ad
882 1300 977 1368 tidem
993 1300 1301 1369 Christianamtran-

225 1395 355 1474 sierant,
383 1391 540 1483 ejusmodi
567 1394 773 1478 caerimonias
801 1388 993 1482 areligione
1021 1389 1152 1458 Domini
1181 1388 1303 1458 alienas

225 1482 365 1563 obtrusit,
388 1504 532 1572 quosque
555 1504 574 1548 a
601 1483 820 1572 superstitione
841 1477 1014 1547 liberare
1043 1479 1102 1546 sibi
1129 1480 1216 1547 visus
1244 1489 1303 1560 est,

224 1593 336 1638 eorum
358 1573 481 1638 muros
508 1569 586 1639 alia
607 1571 784 1656 imbuitt)
828 1569 930 1660 Cujus
959 1568 1082 1637 radices
1108 1567 1231 1650 tollere,
1259 1588 1301 1634 eo

223 1659 376 1727 difficilius
406 1669 487 1742 erat,
522 1683 586 1750 quo
614 1661 715 1750 magis
741 1661 777 1740 ii,
805 1660 860 1749 qui
890 1660 1042 1748 Gregorio
1071 1666 1302 1738 successerunt,

221 1749 383 1839 pontifices
398 1749 431 1815 id
447 1772 558 1816 omnes
574 1747 810 1829 contendebant,
835 1751 870 1814 ut
892 1769 976 1815 nova
991 1749 1130 1815 instituta
1148 1745 1302 1814 adderent

220 1840 403 1927 rituumque
423 1858 575 1927 pompam
598 1847 793 1904 exornarent
832 1838 887 1903 Sic
908 1837 1132 1927 Gregorius
1152 1857 1298 1902 secun·

223 1927 294 1997 dus
323 1930 453 1993 missam
480 1927 512 1992 in
538 1925 626 2000 nullo
647 1924 734 2007 loco,
756 1926 816 1994 nisi
842 1927 875 1993 in
897 1924 1040 1993 dedicato
1063 1934 1095 1991 et
1115 1934 1300 1992 consecrato

222 2013 373 2083 celebrari
402 2025 433 2082 et
453 2025 518 2081 tem
542 2038 596 2082 ore
620 2013 883 2107 quadragesimali
908 2017 942 2080 in
964 2016 1078 2105 quintis
1099 2015 1183 2080 feriis
1204 2011 1300 2080 simul

218 2106 375 2196 jejunium
402 2103 484 2183 fieri3
514 2037 736 2196 bregorius-
753 2106 897 2171 tertius
921 2101 1002 2169 duos
1022 2101 1074 2170 vel
1096 2112 1159 2169 tres
1185 2100 1299 2170 calices

221 2205 330 2262 eontra
352 2191 516 2260 salvatoris
537 2205 742 2283 praeceptum
763 2196 796 2260 in
810 2195 872 2260 aris
893 2190 1057 2273 collocari,
1078 2192 1246 2283 Sergius
1263 2191 1297 2257 in

220 2284 317 2349 missa
339 2281 480 2348 adhiberi
498 2285 591 2372 jussit
611 2294 759 2372 patenam
780 2283 813 2348 in
834 2282 977 2371 margine
999 2283 1134 2373 gemmis
1156 2280 1298 2361 obsitam,

147 2410 153 2419 ,
218 2374 355 2460 pretiosa
394 2393 489 2437 cruce
529 2372 735 2452 instructam,
774 2372 851 2437 item
886 2370 1119 2460 thymiaterium
1155 2392 1298 2452 aureum,

220 2463 339 2550 inquo
369 2457 574 2525 suavissimus
602 2461 680 2527 odor
704 2462 737 2527 in
762 2461 931 2526 missarum
961 2460 1144 2527 muneribus
1175 2460 1295 2528 obeun-

219 2549 268 2616 dis
292 2547 532 2630 accenderetur,
561 2547 614 2615 alii
642 2547 703 2616 alia
724 2549 959 2634 instituerunt¹)
983 2549 1295 2617 Transsub'stau·

217 2638 397 2705 tiationis
419 2660 496 2704 vero
519 2638 667 2729 dogmate
690 2638 820 2729 probato
844 2637 895 2724 (de
913 2661 976 2728 quo
992 2639 1070 2704 inira
1086 2640 1185 2706 fusius
1197 2661 1295 2728 expo-

216 2732 342 2813 nemus)
365 2726 405 2794 de
427 2727 578 2796 sacrificio
601 2729 716 2795 missae
739 2727 879 2795 doctrina
901 2729 943 2793 ita
964 2728 1129 2794 immutata
1150 2737 1207 2810 est,
1229 2737 1296 2793 uta

145 2885 150 2895 ,
216 2816 379 2883 sacerdote
400 2818 530 2882 missam
554 2814 740 2899 celebrante,
761 2815 946 2883 immortalis
966 2814 1030 2882 Dei
1050 2814 1133 2884 filius
1153 2819 1187 2884 in
1210 2815 1296 2884 altari

215 2927 366 2996 praesens
388 2902 459 2970 Deo
482 2907 562 2995 patri
583 2928 694 2972 revera
716 2904 858 2973 sacrificii
871 2903 942 2973 loco
959 2907 1063 2973 offerri
1077 2911 1212 2997 ejusque
1226 2927 1293 2971 me·

214 2995 273 3060 rita
293 2994 362 3082 ipsa
383 2990 580 3060 Eucharistia
600 2995 634 3060 in
657 3017 773 3085 corpus
794 3006 826 3061 et
848 2997 1035 3086 sanguinem
1060 2996 1294 3066 consecratione

213 3085 432 3150 transformata
453 3080 521 3149 aliis
542 3082 722 3152 bominibus
745 3081 895 3175 applicari
916 3093 1108 3172 putarentur.
1233 3089 1236 3095 ’

267 3213 298 3271 a)
318 3218 455 3273 Gregorius
478 3216 646 3263 nertstmtliter
672 3216 834 3272 syntoltcan
863 3216 1088 3273 interpretationem
1116 3226 1141 3267 et
1165 3221 1294 3266 transeut-

213 3287 390 3336 stantuttonem
413 3298 496 3343 aeque
519 3289 617 3344 respuit
638 3293 715 3342 atque
737 3287 905 3343 praesentiam
933 3290 1123 3336 substanttalem
1150 3291 1240 3338 uoeun.
1263 3289 1294 3336 v.

213 3363 276 3416 opo.
300 3359 383 3406 omniu
406 3370 468 3405 oure
490 3364 515 3405 ot
537 3362 623 3407 latore
645 3363 758 3406 monach.
782 3359 834 3404 ord.
863 3365 943 3406 sonet.
967 3361 1094 3408 Benedicti
1112 3364 1144 3410 11.
1169 3361 1229 3408 tomi
1251 3361 1294 3407 tot.

213 3436 272 3477 tom.
290 3432 312 3478 1.
331 3443 355 3486 p.
377 3431 451 3477 4484.
488 3431 596 3477 ttomtlta
613 3432 682 3478 xtv.
707 3430 732 3476 tn
755 3439 845 3486 evang:
863 3431 946 3490 Fecit,
971 3433 1161 3495 (lucumonem,
1180 3432 1295 3490 ostendit,

214 3502 279 3554 quod
293 3503 380 3554 tussit.
416 3498 504 3548 Eunus
527 3508 614 3565 pastor
632 3502 738 3547 animam
758 3511 829 3547 suam
850 3501 948 3561 posuit,
972 3509 1001 3549 ut
1018 3504 1043 3549 tn
1062 3509 1219 3551 sacramento
1237 3514 1294 3549 cor-

213 3582 261 3628 pus
284 3582 368 3616 suum·
381 3577 406 3618 et
428 3571 575 3628 sanguinem
599 3578 707 3619 verteret
730 3578 754 3619 et
778 3584 842 3618 oses
866 3573 949 3619 earnis
972 3585 1019 3620 auo
1043 3576 1158 3622 alimento
1181 3573 1294 3635 satiaret.

213 3642 251 3690 cr.
265 3641 366 3696 Dialogt
380 3645 424 3689 lv.
439 3646 482 3691 58.
510 3645 629 3690 Attamen
641 3651 666 3690 et
684 3644 813 3700 uonptn.
828 3656 853 3699 p.
870 3645 920 3690 252
936 3649 960 3690 et
974 3645 1009 3690 5³
1024 3654 1048 3691 et
1066 3648 1225 3699 basnage:
1248 3645 1294 3691 fll-

213 3712 340 3760 acerreae
358 3699 461 3768 rugum
480 3728 504 3771 p.
524 3717 575 3763 877
595 3717 620 3761 in
638 3725 700 3761 suas
719 3721 804 3771 partes
823 3726 879 3761 eum
897 3720 998 3763 trahere
1017 3723 1151 3771 conantur,
1173 3721 1295 3769 tanquam

212 3785 402 3831 reformatorum
424 3787 562 3833 sententiae
584 3785 687 3845 iuverit,
711 3787 776 3840 quod
800 3785 851 3831 fleri
875 3800 924 3833 non
947 3799 1035 3847 posse,
1058 3787 1217 3833 manifestum
1241 3792 1293 3844 eat3

212 3856 306 3902 rectius
324 3853 450 3901 Natalis
468 3856 667 3902 Alexander:
684 3857 797 3913 Historia
806 3859 928 3905 ecclesiae
938 3860 970 3905 V.
982 3860 1075 3905 etit-T.
1083 3857 1292 3913 tomV11.o.499.

212 3925 456 3973 transsubsttattonts
474 3926 562 3979 dogma
580 3929 602 3973 et
622 3929 776 3974 tribuendum
794 3935 894 3988 censet3
915 3931 960 3975 sed
978 3940 1034 3976 cum
1056 3941 1099 3976 rea
1122 3932 1154 3976 ad
1172 3929 1291 3984 ltqutdum

211 3997 314 4052 perduct
336 3988 384 4042 no'n
406 3996 500 4056 posen,
527 3997 554 4042 tn
576 4000 657 4044 meula
679 4000 803 4045 sententia
830 4002 946 4055 utrinque
971 4001 1075 4047 reducta
1101 3999 1293 4057 permanendum

212 4078 272 4113 csse
289 4061 412 4115 videatur.
448 4066 485 4114 ct.
508 4073 588 4122 praet.
607 4071 796 4117 Mathetuecke:
818 4074 967 4118 sanctorum
984 4078 1083 4129 patrum
1101 4070 1293 4127 depresseritis

132 4172 137 4181 ,
210 4136 346 4185 christiin
365 4148 445 4185 coena
461 4138 551 4184 uomtnt
570 4144 633 4184 sent.
652 4140 708 4194 trip.
727 4152 751 4194 p.
770 4141 813 4185 63.

281 4202 309 4266 b)
331 4211 368 4257 (Ἰ.
387 4209 533 4265 Hosptntan.
558 4211 574 4254 t.
592 4212 608 4254 l.
628 4221 652 4263 u.
672 4209 730 4255 roa.
749 4213 870 4256 Graecei:
895 4212 935 4257 die
953 4215 1013 4259 rom.
1033 4217 1101 4262 lauth.
1124 4211 1170 4257 Itlt-
1197 4215 1247 4256 tom
1271 4214 1290 4258 1.

210 4291 235 4335 p.
254 4279 298 4325 ot.
333 4283 478 4328 sobroecktr
496 4281 597 4328 christi.
614 4281 786 4336 Krotreugsctt.
805 4286 854 4326 tom
872 4285 902 4329 Χ.
922 4285 1025 4339 11445.
1060 4285 1162 4332 chenu.
1181 4290 1290 4330 examen

210 4362 235 4406 p.
246 4351 308 4397 318.
336 4353 462 4403 uetans
478 4353 677 4402 Alexander:
694 4353 760 4401 titur.
769 4355 832 4402 eret.
842 4354 874 4402 t'⁴
886 4360 911 4402 et
924 4359 955 4405 11.
964 4358 995 4404 ¹1¹.
1007 4361 1057 4403 ten
1067 4353 1113 4402 vt.
1122 4364 1180 4411 pau.
1191 4365 1215 4410 u.
1228 4355 1289 4403 415.
