2714 4912
568 300 787 362 ...10-

137 462 221 528 enim
242 461 275 524 in
296 468 407 525 natura
428 454 596 521 hominum
617 457 707 544 quasi
728 457 871 521 innatum
893 465 989 545 atque
1009 456 1148 537 insitum,
1177 467 1214 524 ut

136 573 188 616 res
216 547 336 614 divinas
364 547 498 613 externis
525 542 669 609 lubenter
703 554 944 625 connecterent,
978 553 1029 625 ut,
1060 546 1087 611 si
1114 545 1154 613 ab
1175 547 1215 612 iis

137 646 364 728 separarentur,
385 633 501 701 nullius
522 631 590 698 illas
612 633 701 787 pretii
723 656 794 700 esse
816 631 973 701 ducerent
1012 634 1115 724 Atque
1138 658 1216 703 cum

136 750 262 794 summa
282 722 382 806 mala,
409 725 552 814 ingentes
575 720 614 788 do
629 744 702 788 ores
724 724 859 811 perpeti,
887 721 987 790 multo
1015 723 1136 791 lacibus
1166 723 1216 806 sit,

137 839 233 907 quam
254 816 337 880 vitae
357 836 463 880 mores
489 811 641 901 pravique
669 812 764 876 animi
785 809 980 880 voluntatem
1001 813 1044 881 ita
1066 835 1215 880 commu·

136 915 213 986 tare,
234 913 270 969 ut
292 902 414 969 divinae
443 922 570 989 semper
599 921 659 966 con
721 910 766 965 at:
796 900 992 969 Christianos
1020 899 1217 970 adveniam

91 1009 94 1015 ·
135 1017 194 1085 pro
217 993 353 1082 peccatis
374 987 602 1080 impetrandam
624 988 665 1056 ob
678 989 797 1056 ationes
819 1000 850 1056 et
879 989 1098 1080 eleemosynas
1127 1014 1215 1061 mar-

135 1094 242 1172 tyrum
263 1081 443 1148 nominibus
464 1077 590 1160 summo
614 1077 717 1146 studio
741 1100 959 1162 consecrasse,
983 1082 1054 1171 quis
1077 1090 1135 1162 est,
1158 1081 1214 1170 qui

135 1169 287 1238 miretur?
307 1208 352 1220 ·-
376 1169 467 1252 Quae
489 1168 728 1259 flagrantissimo
751 1165 903 1235 desiderio
928 1180 958 1237 et
980 1193 1035 1250 ea,
1065 1194 1128 1260 qua
1151 1168 1215 1235 sal-

134 1271 278 1328 vatorem
300 1256 573 1347 amplecterentur,
595 1259 764 1324 caritate
786 1267 822 1323 ut
843 1257 988 1326 homines
1005 1261 1217 1327 conscientiae

135 1348 306 1441 angoribus
328 1349 433 1438 agitati
454 1346 512 1412 sibi
533 1355 760 1435 compararent,
782 1345 874 1413 Deus
891 1350 1088 1437 omnipotens
1106 1345 1217 1430 voluit,

136 1462 174 1506 ea
196 1440 291 1504 sacris
313 1446 345 1503 et
364 1438 423 1526 ipsi
451 1446 483 1501 et
500 1433 699 1523 'martyribus
726 1435 873 1502 iaciendis
903 1439 1056 1527 consequi
1083 1437 1216 1504 studue-

134 1537 215 1595 r'unt.
262 1526 336 1609 Quo
359 1523 491 1606 accedit,
522 1524 608 1678 quod
630 1545 705 1590 cum
727 1522 766 1590 de
788 1547 964 1612 poenarum
987 1537 1059 1616 post
1079 1536 1216 1594 mortem

134 1615 324 1683 luendarum
344 1617 466 1680 ratione
488 1625 519 1681 et
553 1636 612 1680 oco
635 1615 869 1702 superstitiosae
899 1616 1076 1703 opiniones¹
1091 1618 1214 1682 animo·

135 1728 207 1773 rum
228 1707 331 1772 aciem
353 1705 445 1794 quasi
466 1702 599 1794 caligine
621 1701 757 1793 quadam
780 1706 1051 1795 praestringerent,
1072 1727 1138 1772 non
1160 1727 1215 1772 so-

133 1793 203 1861 lum
223 1796 288 1860 vivi
309 1816 366 1884 pro
392 1795 405 1859 i
428 1815 536 1859 sorum
563 1793 692 1873 annuis,
720 1789 776 1857 sed
805 1795 899 1860 etiam
926 1816 984 1883 pro
1014 1804 1215 1861 mortuorum

126 1883 308 1950 ‘oblationes
334 1815 496 1949 celebrare
524 1883 593 1948 ausi
621 1892 700 1948 sunt.
744 1880 923 1948 Verisimile
951 1886 1036 1950 enim
1064 1892 1119 1964 est,
1144 1886 1214 1974 jam

135 1982 207 2040 ante
228 1973 394 2064 Augustini
414 1980 550 2036 aetatem
572 1969 610 2036 de
633 1991 694 2057 pur
717 1972 813 2038 atorio
837 1970 995 2039 doctrinae
1023 1973 1153 2061 stirpem
1183 1981 1217 2038 et

136 2084 247 2129 semen
267 2065 301 2128 in
321 2062 502 2143 mortalium
524 2060 681 2126 mentibus
694 1994 841 2141 latuisse,
863 2060 946 2128 illius
969 2084 1046 2128 vero
1066 2083 1213 2128 summae

38 2212 41 2221 .
136 2152 327 2218 auctoritatis
347 2151 488 2242 magistri
506 2147 673 2216 nonnullis
701 2148 853 2215 librorum
874 2149 953 2216 locis
981 2151 1212 2239 processisseq

137 2240 245 2324 Quem
265 2241 352 2306 enim
369 2240 514 2330 Origines
535 2242 568 2304 in
591 2247 731 2304 extremo
751 2238 868 2328 judicio
892 2240 932 2305 ad
955 2240 1075 2306 animas
1090 2261 1211 2329 ›pecca-

135 2341 240 2396 torum
263 2328 406 2394 sordibus
428 2326 607 2418 purgandas
620 2328 808 2394 excitaturos
832 2350 911 2410 esse,
928 2327 1097 2396 tradiderat
1114 2352 1212 2419 ange·

135 2417 194 2499 los,
214 2421 243 2484 is
262 2419 345 2508 ignis
366 2418 561 2508 Augustinus
582 2418 686 2481 statim
708 2426 780 2505 post
804 2428 940 2484 mortem
965 2420 1003 2484 iis
1024 2417 1215 2499 hominibus,

137 2510 192 2598 qui
213 2505 372 2573 scelerum
393 2504 605 2659 vitiorumque
627 2505 685 2572 sibi
707 2508 824 2573 conscii
851 2518 972 2589 essent,
999 2509 1067 2574 fore
1094 2517 1130 2574 ut
1158 2529 1214 2574 ac-

111 2604 113 2615 '
136 2595 330 2677 conderetur,
351 2618 391 2662 eo
414 2597 519 2661 minus
563 2594 700 2677 ubiuvir,
723 2617 785 2685 quo
809 2598 911 2687 magis
932 2596 1099 2662 hominum
1121 2607 1214 2664 natu·

134 2709 204 2753 ram
225 2684 429 2775 depravatam
450 2694 481 2751 et
502 2685 692 2775 flagitiorum
713 2684 904 2772 turpitudine
924 2687 1120 2776 inquinatam
1144 2707 1215 2753 esso

135 2774 194 2842 sibi
215 2784 421 2863 persuaserat.
460 2773 569 2863 ltaque
591 2797 666 2840 cum
688 2773 915 2863 suppliciorum
935 2776 1050 2841 animis
1073 2773 1222 2841 subeon-⁴

136 2864 250 2931 dorum
273 2867 363 2952 quasi
381 2864 554 2953 imaginem
578 2860 736 2952 quandam
755 2865 942 2955 cogitatione
959 2864 1129 2955 depingere
1146 2863 1214 2930 vel·

68 2960 69 2965 ’
134 2951 195 3032 let,
208 2950 333 3018 nullum
354 2960 462 3018 autem
484 2952 518 3018 S.
540 2951 574 3018 S.
594 2950 703 3018 locum
724 2952 891 3035 inveniret,
921 2976 985 3044 quo
1008 2952 1049 3020 de
1071 2963 1214 3019 mortuo·

134 3064 217 3124 rum,
239 3063 304 3131 qua
324 3050 538 3121 versarentur,
565 3039 743 3108 conditione
770 3040 923 3109 nonnulla
945 3043 1153 3130 aperirentur,
1173 3040 1214 3109 il-

134 3129 203 3197 lum
223 3132 331 3219 ignem
353 3131 579 3220 purgatorium,
592 3134 692 3221 cujus
715 3131 861 3197 flammae
890 3128 1099 3198 oblationibus
1126 3129 1215 3198 cele·

135 3218 261 3287 brandis
284 3222 563 3310 exstinguerentur,
585 3218 626 3285 ad
641 3229 768 3311 peccata
783 3218 938 3307 expianda
952 3223 1019 3310 jam
1039 3230 1113 3308 post
1127 3243 1215 3289 mor·

135 3321 201 3376 tern
235 3307 345 3374 Deum
378 3331 450 3374 esse
484 3310 715 3389 excitaturum,
747 3309 906 3375 interdum
939 3308 1117 3403 significare
1151 3331 1216 3378 non

137 3399 247 3466 omisit
290 3395 377 3463 Nam
398 3419 474 3463 cum
495 3406 639 3465 mortuos
659 3399 825 3466 universos
846 3400 965 3465 intres
987 3397 1112 3466 ordines
1136 3398 1216 3467 divi-

43 3550 45 3555 .
137 3487 240 3569 deret,
266 3487 299 3553 in
320 3509 459 3577 quorum
482 3484 579 3554 altero
609 3488 631 3553 ii
652 3485 857 3570 haberentur,
887 3490 943 3579 qui
968 3499 1099 3578 propter
1120 3486 1217 3557 fidem

136 3586 170 3644 et
187 3598 315 3664 mamm
337 3578 532 3642 sanctitatem
554 3579 731 3643 fruerentur
744 3580 808 3645 vita
828 3587 965 3659 aeterna,
986 3581 1020 3644 in
1041 3577 1141 3645 altero
1155 3601 1216 3646 au-

129 3677 217 3748 ·tem,
246 3666 302 3755 qui
321 3667 403 3731 vitiis
426 3674 456 3731 et
477 3664 601 3756 flagitiis
622 3668 776 3756 corrupti,
803 3662 955 3733 felicitatis
984 3689 1075 3755 spem
1105 3671 1216 3736 conoi-

137 3766 248 3846 perent
267 3751 399 3836 nullam,
422 3755 547 3821 tertium
563 3756 596 3819 in
618 3764 724 3821 entem
744 3778 914 3824 numerum
932 3777 1044 3822 eorum
1060 3755 1218 3826 conficere

138 3846 253 3927 docuit,
276 3845 331 3933 qui
351 3846 432 3911 inter
450 3843 532 3910 duos
554 3778 678 3911 ordines
698 3845 794 3912 medii
806 3845 987 3931 interpositi,
1010 3867 1116 3934 neque
1130 3856 1216 3913 unu

137 3938 253 4024 pietate
275 3931 480 4014 excellerent,
510 3942 546 3998 ut
572 3935 728 4024 suffragiis
755 3944 827 4024 post
847 3943 982 3999 mortem
1002 3956 1069 4000 non
1090 3935 1212 4024 indige-

137 4033 216 4105 rent,
237 4045 343 4112 neque
364 4024 491 4113 ingenio
514 4033 619 4087 essent
640 4032 705 4089 tam
726 4023 811 4090 malo
835 4044 1007 4114 pravoque,
1028 4035 1065 4091 ut
1086 4022 1137 4090 illa
1160 4044 1212 4088 sa-

139 4111 261 4182 crafioia
283 4110 388 4178 altaris
410 4121 441 4177 et
462 4108 752 4198 eleemosynarum,
783 4113 897 4203 quibus
926 4134 1100 4202 poenarum
1123 4111 1215 4202 quasi

139 4201 285 4269 oneribus
304 4197 492 4281 levarentur,
518 4197 667 4286 prodesse
688 4222 752 4267 non
774 4212 910 4289 possent.
953 4202 1110 4285 „Etenim
1136 4214 1227 4268 eum'

139 4287 229 4360 multi
258 4287 507 4360 contenderent“
535 4287 636 4380 inquit
666 4311 811 4359 summus
836 4289 1079 4380 cremarunt)
1115 4314 1213 4374 „ora-
