2714 4912
655 332 876 399 ..84-

336 588 363 660 1.
406 585 554 659 mssa
581 515 1208 697 rnanslncmmcnronon.

516 816 539 877 1.
580 814 709 877 omoo
730 813 824 876 mus
843 815 1027 877 aaronis.

722 965 751 1051 §-
774 969 826 1034 ro.
851 959 855 969 ’

320 1108 401 1177 Fere
422 1128 487 1176 una
514 1128 589 1174 cum
618 1103 758 1173 sacrificii
786 1106 901 1173 missae
928 1128 1033 1174 errore
1057 1105 1192 1173 ⁴missam
1219 1115 1310 1199 prae-

231 1197 493 1266 sanctificatorum
516 1218 588 1263 esse
607 1197 789 1277 institutam,
812 1194 1072 1263 exconciliorum
1089 1219 1150 1262 sec.
1161 1195 1203 1264 V.
1218 1195 1310 1275 etVl.

231 1298 415 1357 coactorum
426 1283 607 1366 canonibus,
630 1306 711 1374 quos
725 1286 802 1350 infra
817 1285 994 1366 afferemus,
1015 1283 1204 1376 intelligitur.
1224 1287 1310 1376 Apo·

233 1376 386 1445 stolorum
410 1386 516 1441 autem
539 1384 640 1441 aetate
663 1371 813 1440 celebrari
834 1396 906 1440 eam
929 1373 1051 1440 solitam
1073 1397 1155 1456 esse,
1183 1376 1311 1466 siquis,

192 1515 197 1525 a
231 1464 319 1535 velut
340 1464 407 1531 Leo
429 1461 561 1531 Allatius
583 1462 781 1530 contendere,
795 1461 899 1545 audet,
921 1464 959 1545 ei,
982 1465 1036 1554 qui
1056 1466 1091 1530 in
1111 1463 1222 1530 talibus
1238 1468 1310 1532 'sen-

232 1555 335 1623 tentiis
357 1551 561 1644 dijudicandis
591 1562 690 1618 artem
719 1553 858 1618 criticam
886 1550 1109 1644 theologorum
1130 1553 1311 1620 Protestan·

232 1647 312 1714 tium
333 1643 493 1734 propriam
521 1639 668 1708 adhibere
697 1639 789 1723 solet,
815 1663 880 1708 non
907 1651 974 1708 tam
1004 1642 1241 1710 admirationem
1267 1645 1311 1709 ia·

234 1756 322 1815 cere,
350 1754 448 1822 quam
475 1731 575 1797 risum
609 1730 745 1797 excitare
779 1729 879 1796 debet.
931 1731 1158 1802 certissimum
1186 1730 1312 1821 quidem

233 1833 290 1904 est,
312 1819 407 1913 paulo
431 1829 504 1887 ante
530 1819 563 1886 id
590 1829 654 1887 tem
676 1841 731 1900 us,
766 1841 830 1909 quo
864 1819 1051 1887 sacrificium
1078 1820 1194 1887 missae
1232 1820 1312 1911 apud

233 1912 362 1981 Latinos
386 1908 568 1976 auctoritate
596 1841 808 1975 ecclesiastica
835 1911 990 1975 sancitum
1018 1932 1102 1990 esse,
1135 1915 1235 2000 sup'ra
1263 1932 1311 1976 os·

233 1999 441 2078 tenderimus,
475 2019 538 2086 quo
586 2020 604 2063 e
631 1999 664 2064 in
689 1999 812 2090 jejuniis
839 1997 1000 2065 servandis
1034 1996 1169 2064 adhibita
1198 1998 1237 2064 sit
1264 2022 1311 2066 re-

233 2088 317 2181 ligio,
339 2087 518 2155 sacerdotes
541 2020 748 2169 lliaecorum,
772 2089 825 2178 qui
846 2089 925 2155 intra
947 2109 1064 2178 magna
1082 2088 1201 2178 jejunia
1223 2094 1312 2179 prae-

234 2189 282 2246 ter
304 2176 388 2244 diem
410 2175 602 2242 dominicam
623 2176 736 2242 missas
756 2175 917 2244 habendas
947 2199 1019 2243 esse
1045 2186 1212 2269 negarent,
1243 2199 1310 2244 om·

233 2266 327 2337 nibus
349 2263 459 2332 diebus
481 2263 653 2347 dominicis,
674 2288 716 2334 ne
736 2267 851 2334 inertes
876 2289 948 2333 esse
969 2264 1164 2347 viderentur,
1191 2275 1312 2333 tantum

259 2356 327 2422 anis
348 2358 595 2434 consecravisse,
624 2365 778 2443 quantum
801 2353 957 2422 sufficeret
986 2353 1027 2421 ad
1055 2357 1217 2446 sequentis
1237 2354 1313 2422 beb-

234 2379 381 2512 domadis
408 2439 516 2508 fideles
551 2445 831 2514 communicantes.
845 2443 1023 2526 satiandos,
1052 2454 1085 2511 et
1109 2443 1257 2527 calicem,
1282 2444 1314 2512 in

237 2555 335 2624 quem
358 2533 461 2598 inluso
481 2531 554 2599 vino
600 2554 694 2599 anem
716 2532 910 2623 intingerent,
933 2531 1004 2600 velo
1027 2544 1147 2600 tectum
1167 2534 1201 2601 in
1231 2532 1317 2600 altari

196 2664 201 2676 ·
236 2622 388 2714 posuisse.
433 2618 541 2704 Quam
564 2553 604 2688 ob
626 2644 695 2688 rem
717 2623 863 2700 omnibus
935 2622 1020 2689 idem
1041 2622 1247 2689 hebdomadis
1269 2621 1314 2690 di-

220 2711 316 2784 ebus
339 2718 480 2777 sanctam
503 2709 732 2777 Eucharistiam
753 2710 900 2778 distribue
923 2721 984 2792 ant,
1005 2710 1063 2777 sed
1078 2734 1183 2802 neque
1197 2713 1317 2794 vinum,

236 2822 341 2890 neque
363 2820 480 2889 panem
503 2799 628 2885 (Graeci
650 2802 735 2867 enim
757 2811 926 2889 utramque
952 2802 1093 2890 speciem
1116 2823 1244 2892 semper
1264 2825 1316 2868 rev

237 2888 391 2972 tinebant)
420 2889 536 2955 iterum
564 2889 797 2956 consecrabant
821 2888 1070 2957 'Dicitunvero
1100 2891 1196 2956 missa
1224 2912 1318 2972 προη·

237 2966 437 3058 γιασμὲνων
459 3001 504 3036 ==
525 2977 876 3067 praesanctificatorum,
906 2977 992 3068 quod
1014 2976 1170 3045 elementa
1191 2989 1319 3047 sanctae

238 3062 462 3150 Eucharistiae,
483 3086 567 3152 quae
589 3089 698 3133 earum
719 3065 969 3149 hebdomadum,
998 3067 1111 3156 quibus
1134 3089 1249 3159 magna
1267 3069 1319 3158 je·

235 3155 324 3244 junia
344 3151 557 3235 servabantur,
578 3153 709 3244 singulis
732 3154 842 3223 diebus
861 3155 1003 3223 fidelibus
1018 3155 1122 3222 danda
1136 3166 1234 3239 erant,
1251 3157 1320 3247 jam

239 3241 290 3309 die
312 3240 469 3308 dominica
491 3252 673 3310 consecrata
695 3245 858 3311 fuerant
903 3246 970 3330 (sic
992 3246 1076 3312 enim
1097 3245 1212 3336 legitur
1233 3244 1320 3336 apud

238 3328 381 3435 Leonem
403 3329 594 3418 Allalium:⁸)
638 3341 704 3394 Kar
725 3331 769 3406 εἰς
789 3327 850 3397 τὸν
871 3329 1043 3413 ἑσπερινόν
1064 3326 1194 3417 λέγεται
1214 3331 1238 3415 ’ἦ
1260 3340 1320 3398 ber·

238 3443 379 3501 roupyra
405 3424 472 3483 τῶν
495 3413 782 3502 πρσηγιααμὲνων.
810 3460 854 3472 -
882 3428 936 3509 Τῇ
963 3416 1091 3508 τετάρτῃ
1117 3428 1174 3503 τῆς
1201 3415 1320 3504 πρώτης

240 3499 421 3589 ἱβδομάᾶος
449 3503 532 3590 μετὰ
555 3503 624 3588 Ιτήν
653 3503 799 3591 domniono
827 3507 915 3592 oi'pau
943 3517 1168 3591 φιλοκαλεῖται
1196 3507 1216 3574 ὁ
1238 3507 1319 3585 ναὸς

239 3590 298 3656 καὶ
320 3586 449 3676 γίνεται
470 3590 658 3679 λειτουργία
678 3604 743 3662 τῶν
758 3592 1043 3682 προηγιασμᾶννν.
1060 3637 1100 3649 -
1116 3585 1185 3662 εἶτα
1199 3594 1319 3683 decretal,

238 3678 299 3746 καὶ
318 3677 341 3762 ri
362 3678 457 3764 λοιπὴ
478 3679 670 3758 ἀκολουθία
690 3693 756 3751 τῶν
776 3681 1062 3770 πραηγιασμένων.
1076 3726 1120 3739 -
1139 3711 1177 3773 τῃ
1194 3682 1320 3774 πέμπτῃ

239 3777 296 3851 τῆς
316 3763 436 3852 πρώτης
457 3767 638 3879 ἑβδομάδος
658 3770 744 3857 perot
765 3771 827 3856 criu
849 3769 1059 3857 λειτουργίαν
1079 3782 1145 3837 τῶν
1165 3799 1320 3859 προηγια·

241 3849 380 3942 σμὲνων
400 3857 563 3944 ι’σὲηομεν
584 3861 693 3944 ἄρτον,
714 3859 775 3926 καὶ
796 3857 890 3948 φάβα
911 3859 1053 3946 pomario,
1075 3858 1134 3926 καὶ
1149 3861 1244 3946 ai'dwp,
1262 3858 1321 3929 καὶ

242 3940 342 4011 οὐδέν
362 3971 394 4011 τι
415 3947 500 4012 ἄλλο
523 3992 563 4004 -
588 3944 673 4034 μετὰ
700 3946 734 4014 δὲ
761 3948 824 4032 τὴν
848 3943 1058 4030 λειτουργίαν
1078 3959 1145 4016 τῶν
1165 3975 1321 4034 πρσηγιαι

242 4027 381 4118 σμένων
401 4029 512 4119 κρούει
532 4034 568 4101 τὸ
591 4045 752 4122 rapodone
772 4036 832 4103 καὶ
853 4029 1068 4120 εἰςερχόμεβα
1095 4040 1139 4114 εἷς
1164 4036 1226 4119 τὴν
1246 4036 1322 4122 apoi-

241 4127 362 4216 πεζᾳν).
406 4126 503 4218 Origo
523 4127 617 4219 igitur
637 4127 806 4216 repetenda
828 4135 876 4194 est
897 4149 918 4192 a
939 4131 1090 4197 sententia
1113 4131 1320 4214 Graecorum,

242 4212 298 4300 qui
317 4215 397 4281 intra
418 4237 471 4281 ma
516 4217 670 4307 ajejunia
691 4213 797 4281 nullas
816 4217 929 4282 missas
951 4229 1074 4308 praeter
1100 4218 1183 4284 diem
1213 4218 1319 4287 domi'·

239 4300 344 4370 nicam
365 4301 468 4372 haben
489 4327 525 4371 as
545 4327 616 4372 esse
636 4300 800 4372 duxerunt
842 4303 877 4374 ld
905 4306 991 4398 quod
1019 4308 1059 4375 ob
1087 4328 1159 4373 cam
1186 4329 1320 4378 causam
