2714 4912
659 402 702 417 ...
759 367 785 432 u·
836 403 882 422 ..„

80 472 110 533 θ
365 527 371 541 .
548 525 554 539 .
884 525 891 539 .
1098 529 1099 534 ,

37 553 39 558 ·
234 524 417 607 tellexenm,
439 523 478 591 de
488 521 599 593 Latina
619 535 685 592 tam
701 535 846 592 accurate
864 522 1085 615 disputandum
1100 547 1171 592 esse
1187 546 1315 606 censeo,

240 626 284 698 ut,
307 638 388 706 quae
409 622 571 704 praeterea
592 611 632 681 de
655 614 778 683 Graeca
805 617 935 707 ejusque
962 615 1147 682 commentis
1169 635 1314 681 comme-

239 715 407 785 morentur,
429 725 588 795 perpauca
607 701 787 771 habeantur.
831 704 876 771 lta
898 727 939 771 ue
967 728 1008 771 ne
1037 725 1132 792 saepe
1153 700 1239 770 idem
1261 726 1316 769 ar·

240 803 426 887 gumentum
447 817 482 861 re
523 802 613 875 tatur,
641 791 681 860 de
704 793 855 861 ecclesiae
875 729 1004 861 latinae
1031 790 1188 860 erroribus
1213 791 1317 860 multo

240 883 397 973 copiosius
418 892 449 950 et
470 904 489 948 a
509 880 675 950 undantius
696 879 817 974 loquar,
847 891 880 949 et
900 905 982 972 quae
1004 882 1044 950 de
1066 882 1188 951 Graeca
1215 890 1316 949 retra-

240 971 473 1052 omniserunt,
495 993 532 1039 ca
551 969 605 1038 illo
632 970 705 1039 loco
730 973 980 1062 praetermittam.
1024 970 1077 1039 De
1099 966 1177 1062 qiua,
1200 993 1315 1059 quem·
1330 1017 1344 1060 3¹

240 1060 411 1129 admodum
433 1058 472 1126 de
492 1059 654 1127 haereticis
673 1062 707 1128 in
727 1071 861 1150 utraque
883 1059 1014 1129 ecclesia
1045 1061 1161 1128 exortis
1191 1071 1227 1128 ut
1253 1061 1316 1127 mi-

241 1174 302 1220 nus
321 1147 438 1217 multus
453 1151 575 1215 iuturus
592 1152 651 1216 sim
664 1151 697 1216 in
714 1152 870 1234 erroribus
886 1149 1074 1231 enarrandis,
1095 1171 1215 1230 eorum,
1233 1172 1318 1239 quae

242 1242 274 1308 in
296 1237 457 1308 scribendo
481 1262 575 1330 opere
591 1237 765 1307 adhibenda
782 1249 863 1320 sunt,
886 1238 1138 1330 adjumentorum
1152 1261 1206 1305 me
1224 1260 1316 1306 com-

241 1339 351 1397 movet
368 1329 461 1395 nimis
481 1351 597 1419 magna
618 1330 757 1421 penuria.
790 1328 913 1396 Etenim
935 1329 993 1394 etsi
1013 1326 1243 1394 haereticorum
1264 1351 1316 1394 er·

171 1458 176 1465 ·
242 1418 364 1487 roribus
387 1419 540 1508 perversis
560 1419 670 1484 investi
692 1416 778 1484 andis
805 1419 978 1484 maximam
1006 1439 1059 1482 me
1087 1415 1210 1483 dedisse
1237 1440 1316 1506 ope·

244 1530 314 1575 ram
337 1522 464 1596 eosque,
485 1507 539 1598 qui
561 1507 600 1574 de
620 1508 657 1572 iis
671 1442 778 1574 lucem
795 1509 904 1574 afferre
917 1505 1110 1587 videbantur,
1131 1503 1225 1573 libros
1240 1528 1316 1594 per·

241 1596 356 1688 legisse
376 1594 532 1685 profiteor,
553 1606 669 1677 tamen,
696 1594 771 1685 quid
793 1594 832 1664 de
855 1606 962 1663 sancta
983 1594 1178 1662 Eucharistia
1205 1617 1317 1661 sense-

243 1687 312 1768 rint,
333 1707 404 1752 raro
422 1687 562 1776 comperi
578 1695 633 1752 aut
649 1683 733 1776 apud
747 1683 825 1766 illos,
847 1686 902 1775 qui
921 1684 960 1752 de
976 1681 1099 1751 mediae
1116 1684 1224 1751 aetatis
1237 1682 1316 1751 hae·

241 1774 344 1842 reticio
364 1772 457 1839 libros
478 1783 732 1863 composuerunt,
755 1775 814 1841 scri
837 1783 919 1841 tores
940 1795 1045 1864 pauca
1061 1783 1092 1840 et
1104 1774 1170 1841 iere
1187 1770 1226 1839 de
1244 1795 1317 1839 om-

243 1863 334 1931 nibus
360 1859 471 1929 eadem
496 1864 609 1929 inveni.
660 1862 766 1949 Quam
798 1797 838 1930 ol
864 1885 933 1930 rem
960 1863 1054 1930 totius
1081 1861 1183 1952 operis
1210 1863 1348 2015 partis„

160 1992 167 2015 .
244 1974 341 2042 quam
373 1961 439 2017 tam
469 1949 652 2020 lacunosam
684 1975 756 2019 esse
794 1952 940 2040 equidem
978 1950 1178 2027 vehementer
1234 1948 1318 2032 oleo,

244 2040 360 2132 magna
380 2039 543 2126 brevitasb)
571 2065 612 2109 ne
639 2062 731 2108 meae
756 2041 979 2133 negligentiae,
1007 2040 1064 2109 sed
1090 2037 1318 2129 praesidiorum

243 2132 368 2222 inopiae
387 2128 548 2212 tribuatur,
570 2131 664 2196 etiam
686 2139 781 2219 atque
803 2133 896 2197 etiam
917 2153 1060 2221 rogo-—
1072 2125 1169 2213 Quod
1182 2151 1256 2195 vero
1274 2149 1316 2194 111

197 2243 220 2284 ·.
243 2222 317 2312 ipsis
337 2215 422 2285 libris
442 2217 566 2286 illorum
586 2218 760 2300 hominum,
783 2242 918 2308 quorum
940 2243 960 2286 o
982 2219 1102 2287 iniones
1128 2215 1205 2286 mihi
1224 2226 1318 2284 erunt

166 2329 170 2335 ’
245 2306 465 2389 recensendae,
484 2305 584 2374 multa
606 2318 753 2399 excerpta
776 2310 946 2390 afferami
990 2306 1118 2401 quidem
1140 2307 1244 2374 animo
1266 2307 1316 2375 in·

244 2396 348 2477 tendo,
369 2416 410 2464 ne
432 2397 654 2464 sententiarum
674 2396 883 2488 intelligentia,
905 2420 1002 2487 quam
1022 2394 1109 2464 nullo
1131 2394 1227 2465 modo
1245 2418 1316 2463 me-

192 2563 196 2571 ,
244 2485 305 2553 lius
324 2507 420 2576 quam
435 2486 621 2640 scn‘ptorum
636 2486 738 2553 verbis
755 2485 965 2641 proponendis
977 2483 1103 2554 enodari
1101 2508 1209 2642 posse
1225 2484 1317 2567 duco,

245 2597 357 2656 exeo,
378 2570 464 2662 quod
507 2597 525 2641 e
544 2575 582 2640 iis
602 2575 724 2657 faciam,
746 2599 808 2667 pen
830 2599 883 2642 ere
905 2575 1046 2645 videatur
1064 2577 1100 2666 ju
1123 2576 1189 2643 'cio

331 2663 396 2732 Sed
420 2665 487 2753 jam
515 2661 555 2730 ad
580 2665 738 2819 proposita
767 2663 938 2757 aggredior.
985 2664 1129 2731 Primum
1154 2665 1249 2757 igitur
1277 2660 1339 2731 de’

243 2751 353 2822 Latina
376 2751 507 2820 ecclesia
529 2762 561 2820 et
582 2755 635 2844 qui
657 2752 771 2822 emde
794 2779 842 2835 eo,
863 2756 919 2843 qui
940 2754 1060 2849 primus
1080 2753 1113 2821 in
1135 2775 1173 2821 ea
1196 2753 1318 2836 exstitit,

243 2841 434 2908 sacrificii
456 2843 595 2908 missae
618 2865 722 2909 errore
745 2842 900 2934 disputare
922 2852 1032 2929 statuo.

313 2985 341 3046 al
359 2992 397 3038 (¹5.
415 2993 633 3039 111111111111
663 2993 710 3040 1111
727 2996 903 3056 ι(11111111111111
932 2996 976 3041 der
1005 2994 1162 3043 crntsrucnen
1185 2992 1317 3049 normann

236 3068 281 3112 ’111
299 3061 491 3121 tt'iaspuactaft.
528 3065 639 3111 t'orrerte
658 3077 681 3122 p.
700 3068 789 3114 XXXI.

311 3131 340 3189 1)
359 3134 395 3184 ct
415 3122 441 3195 §.
461 3133 503 3180 11.
