2714 4912
591 361 632 377 ..
679 329 723 395 94
767 363 811 379 .-

159 484 256 577 thym.
278 482 358 598 Zyg.
380 488 600 557 commentia
621 483 727 554 Mattlr.
750 489 802 553 26.
825 488 885 552 28:
915 485 1015 567 „oda
1036 471 1100 550 aim
1126 481 1169 564 dl,
1191 486 1245 554 ὅτι

159 581 268 638 ταῦτα
291 582 454 660 συμβολα
475 581 537 638 τσῦ
558 567 713 658 σώματός
734 599 808 657 μου
828 570 971 637 καὶτοῦ
993 567 1135 659 αἵματός
1156 603 1242 661 μου,

158 661 232 728 ottt'
253 659 303 726 ὅτι
323 655 431 728 ταῦτά
453 661 540 728 εἰσιν
561 657 645 726 αὐτὸ
668 659 704 726 ad
719 654 820 746 σῶμά
833 682 909 745 μου
921 656 980 726 καὶ
997 658 1081 727 ailad
1096 661 1134 728 ad
1148 649 1243 750 αἷμά

70 757 73 763 “
156 778 231 837 μου
252 781 262 797 ·
284 749 406 818 λοιπὸν
422 737 489 816 σύν
510 747 574 834 χρὴ
595 748 646 836 ,uni
668 747 745 833 πρὸς
765 746 829 832 τὴν
850 743 1046 832 φύσιντῶν
1067 749 1239 838 πρὸκειμέ.

157 865 227 906 νων
255 836 346 922 ὄρᾶν,
368 836 563 923 ἀλλὰπρὸς
589 836 653 922 τήν
679 832 834 923 ᾶύναμιν
861 837 994 903 αὐτῶν.
1030 836 1151 925 Ὥσπερ
1172 838 1240 926 γὰρ

155 925 326 1013 duapprrale
348 923 467 1002 ἐξέωσε
487 925 552 1011 τὴν
571 934 839 1012 προςλιηφβεῖσαν
861 922 973 1010 σάρκα
993 926 1118 1004 wilram
1140 928 1238 1014 almod-

154 1009 252 1102 ςῖήτως
278 1024 445 1103 μεταποιεῖ
472 1013 532 1082 καὶ
559 1024 669 1082 ταῦτα
696 1015 741 1092 εἷς
768 1012 853 1082 αὐτὸ
881 1013 932 1081 τὸγ
947 1013 1101 1096 <aeserta
1128 1017 1239 1085 αὑτοῦ

151 1131 262 1192 copta.

643 1248 671 1333 §.
694 1249 746 1314 31.

242 1370 609 1440 Transsubstantiationis
630 1382 707 1438 vero
730 1367 847 1461 dogma
868 1368 913 1437 sic
933 1390 953 1435 a
971 1366 1150 1439 clarissimis
1164 1393 1234 1440 ma·

152 1459 255 1616 gistris
282 1458 428 1528 traditum
457 1457 618 1550 quomodo
639 1460 673 1527 in
700 1456 832 1526 ecclesia
861 1457 983 1526 Graeca
1008 1460 1236 1551 imperatorum

174 1549 282 1616 ecretis
304 1549 471 1653 probatum
493 1550 540 1632 sit,
562 1547 594 1615 id
615 1571 679 1616 non
701 1557 805 1640 potest
825 1545 961 1638 intelligi,
982 1548 1041 1616 nisi
1064 1551 1131 1640 ejus
1153 1571 1233 1618 con·
1283 1599 1292 1618 .

152 1637 283 1720 ditionis,
305 1663 337 1706 rn
360 1661 423 1728 qua
446 1647 557 1706 octavo
587 1648 618 1707 et
644 1660 728 1706 nono
752 1635 859 1704 seculo
881 1646 1005 1703 versata
1027 1638 1078 1719 sit,
1099 1639 1132 1704 in
1154 1660 1233 1708 con·

128 1738 262 1820 ‘speetu
290 1736 338 1795 est
362 1728 477 1818 imago.
520 1727 597 1795 Erat
623 1737 731 1794 autem
760 1748 798 1792 eo
825 1735 966 1817 ternpore
995 1725 1233 1796 acerbissimum

151 1827 311 1885 certamen
333 1827 478 1903 exortum
498 1818 578 1883 inter
598 1816 812 1907 imperatores,
834 1815 890 1905 qui
918 1812 1041 1882 tabulas
1066 1815 1165 1906 pictas
1191 1840 1234 1886 ne

131 1948 134 1954 .
151 1907 222 1995 quis
243 1915 454 1987 veneraretur,
475 1914 616 1972 vetarent
637 1914 668 1971 et
683 1902 812 2059 plebem
826 1904 1080 1994 superstitiosam,
1102 1906 1156 1972 eui
1171 1906 1231 1973 mi·

151 1993 236 2061 riiice
257 1995 289 2059 in
310 1994 348 2058 iis
369 1992 534 2061 haererent
556 1992 647 2079 ouili.
713 1993 809 2059 tenim
829 1992 896 2060 Leo
917 1991 1073 2059 Isauricus
1091 1995 1230 2085 impera·

148 2093 198 2150 tor
218 2082 403 2150 fortissimus
417 2083 452 2151 A.
477 2083 543 2151 726
565 2106 640 2150 curn
656 2081 695 2150 de
716 2080 904 2172 imaginibus
919 2079 1078 2149 abolendis
1093 2081 1230 2152 edictum

148 2169 277 2253 tulisset,
301 2194 365 2261 quo
388 2172 513 2262 aegritu
534 2172 646 2263 ingens
667 2169 821 2239 tumultus
836 2171 989 2237 excitatus
1004 2183 1051 2238 est
1066 2194 1084 2237 a
1100 2196 1143 2263 po
1167 2172 1229 2255 ulo,

147 2282 253 2350 neque
275 2270 311 2327 ut
331 2270 521 2342 retractaret,
544 2261 695 2329 Germani
716 2258 911 2351 patriarchae
939 2259 1085 2350 precibus
1116 2195 1227 2330 adduci

146 2359 263 2440 posset,
285 2359 407 2416 tantum
428 2348 527 2416 valuit
547 2347 633 2441 apud
654 2349 722 2430 filii,
751 2350 805 2437 qui
828 2348 856 2414 ei
878 2348 1037 2429 successit,
1068 2349 1225 2418 Constan-

146 2438 202 2507 tini
224 2438 430 2528 Copronymi,
452 2439 603 2519 animum,
631 2447 667 2504 ut
694 2440 789 2527 patris
815 2434 1009 2504 voluntatem
1037 2436 1143 2528 legem
1172 2439 1227 2509 sibi

146 2549 217 2595 esse
239 2536 389 2593 statueret
417 2537 448 2593 et
470 2525 611 2595 Concilio
638 2536 727 2593 sexto
751 2524 1112 2616 Constantinopolitano,
1141 2526 1227 2619 quod

144 2637 185 2684 co
226 2616 249 2681 't
275 2615 310 2682 A.
332 2612 409 2696 754,
438 2625 469 2682 et
494 2617 670 2706 imaginum
696 2613 909 2683 adorationem
935 2616 1089 2705 rejiceret,
1123 2628 1155 2684 et
1188 2617 1226 2686 de

143 2702 216 2772 Eue
239 2705 341 2788 aristia
363 2706 549 2771 sententiam
571 2706 744 2796 typicam
766 2714 960 2794 proponeret
998 2703 1094 2787 Quod
1107 2707 1224 2775 Conci·

142 2788 222 2861 lium
245 2804 265 2859 a
286 2790 439 2884 theologis
460 2791 622 2885 pontificiis
644 2804 708 2860 tam
731 2794 967 2883 impugnatum,
996 2816 1093 2883 quarn
1115 2817 1135 2860 a
1157 2795 1223 2864 Re-

143 2883 284 2949 formatis
307 2880 424 2948 elatum
452 2893 501 2949 est
526 2881 680 2949 laudibus.
724 2881 840 2948 Neue
868 2891 973 2949 tamen
1001 2884 1224 2974 episcoporum

143 2968 271 3060 quidem
293 2992 463 3035 numerum
480 2973 560 3038 ‘satis
586 2994 740 3063 magnum
768 2905 916 3051 abluisse,
938 2994 1043 3061 neque
1065 2971 1105 3037 ad
1128 2996 1223 3041 suum

142 3081 305 3151 quemque
326 3056 486 3125 arbitrium
501 3059 678 3127 decrevisse
688 3058 926 3127 concedendum
942 3070 996 3126 est
1024 3058 1221 3151 Imperatoris

141 3148 226 3215 enim
239 3147 278 3214 ad
290 3146 493 3230 voluntatem,
511 3151 568 3215 etsi
577 3148 667 3215 multi
683 3171 743 3215 sua
753 3158 864 3240 sponte
879 3146 1099 3237 probaverunt,
1115 3161 1221 3219 tamen

140 3233 357 3327 plurimi-ita
372 3260 408 3304 se
425 3236 753 3317 accommodaverunt,
769 3247 805 3303 ut
821 3235 959 3327 diligenti
975 3238 1221 3309 consideratione

140 3323 228 3395 nulla
250 3323 393 3406 adhibita,
416 3325 492 3416 quid
512 3324 713 3392 statuendum
735 3335 827 3408 esset,
845 3327 911 3417 jam
934 3337 1026 3394 antea
1043 3349 1218 3418 cognosce-
1251 3349 1254 3357 ·

139 3424 216 3482 rent.
258 3413 385 3481 Revera
406 3425 513 3483 autem
534 3415 578 3482 ibi
598 3413 947 3483 transsubstantiationis
964 3415 1146 3498 doctrinam,
1169 3418 1220 3485 cui

139 3499 309 3594 plerosque
335 3502 449 3571 favisse
479 3526 519 3570 ex
545 3506 678 3587 ratione,
708 3526 771 3595 qua
797 3503 960 3596 repudiata
995 3506 1046 3586 sit,
1073 3505 1217 3599 intelligi-

139 3612 222 3697 mus,
243 3593 275 3658 in
299 3615 381 3659 enue
401 3593 620 3681 improbatam,
641 3617 747 3684 neque
768 3591 867 3660 ullam
894 3594 953 3660 nisi
974 3595 1136 3662 notionem
1158 3620 1217 3659 au-

138 3701 239 3766 aroapr
289 3681 475 3749 ucharistiae
495 3682 642 3773 injectam
661 3705 740 3763 esse,
763 3705 805 3749 ex
815 3681 940 3749 decreto
954 3682 1086 3750 Concilii
1099 3682 1142 3747 ita
1158 3706 1217 3775 ap-

137 3779 236 3857 paret,
257 3780 294 3835 ut
314 3769 401 3837 nulla
421 3771 461 3839 de
483 3794 521 3839 ea
542 3794 577 3838 re
599 3771 747 3840 dubitatio
771 3793 841 3839 esse
862 3771 982 3838 debeat.
1024 3766 1133 3837 Nirtto
1157 3796 1216 3841 au·

136 3866 201 3925 tem
224 3859 328 3927 minus
349 3860 557 3927 certissimum
585 3870 633 3927 est
660 3870 732 3951 post
753 3859 992 3929 Constantinum
1020 3866 1051 3924 et
1072 3855 1217 3930 Leonem

137 3943 319 4014 Chanar-um
341 3972 416 4016 cum
437 3948 527 4017 Irene
540 3973 597 4040 pro
617 3948 688 4032 lilio,
705 3949 916 4032 Constantino
931 3945 985 4014 Vl.
1003 3947 1037 4014 in
1051 3971 1223 4017 summurn¹

136 4032 291 4124 dignitatis
319 4034 427 4105 locum
455 4036 552 4119 elata,
581 4038 807 4131 rempublicam
835 4035 1070 4119 administraret,
1098 4061 1137 4104 ea
1159 4059 1212 4127 sy·

135 4122 221 4190 nodo
235 4123 360 4193 Nicena
380 4150 444 4217 qua
465 4136 501 4193 ut
521 4137 631 4217 postea
647 4125 823 4193 colerentur
841 4124 995 4217 imagines
1010 4127 1213 4195 constitutum

53 4262 56 4266 a
134 4221 191 4294 eat,
212 4210 288 4281 illud
309 4215 654 4284 transsubstantiationis
674 4213 791 4304 dogma
816 4214 859 4280 ita
887 4237 959 4282 esse
979 4218 1149 4298 sancitum,
1178 4226 1214 4283 ut

134 4299 267 4372 ecclesia
291 4304 412 4374 Graeca
434 4315 585 4375 nontam
608 4302 748 4374 distincte
771 4303 909 4396 qudem,
931 4327 1028 4395 quarn
1049 4327 1126 4377 mox
1146 4304 1211 4375 La·
