2714 4912
650 331 872 414 ..75-

221 495 346 576 stentis;
367 513 425 584 pro
447 513 488 560 eo
509 489 604 560 etiam
625 487 721 572 duas,
748 488 834 582 quod
860 501 896 558 tu
923 490 993 582 ipse
1014 484 1131 558 Christi
1158 511 1300 575 carnem,

223 605 320 674 quarn
342 581 474 651 conlin‘
522 590 753 647 sacramentum
780 603 866 663 esse,
891 577 1095 661 invisibilem,
1123 577 1301 672 intelligIbi-

222 671 298 755 lem,
319 671 428 764 spiritu
459 691 510 737 em
532 690 690 736 essenon
713 664 835 735 dubitas
855 668 1029 736 vecorditer
1040 665 1207 752 affirmare,
1227 692 1300 738 cor·

222 785 285 854 pus
306 772 412 830 autem
435 758 559 840 Christi,
582 756 667 850 quod
688 757 722 825 in
744 756 834 825 coelo
856 767 913 838 est,
935 759 1026 849 cnjus
1048 759 1189 847 corporis
1210 755 1302 842 hane,

224 874 323 943 quam
343 848 455 916 adesse
476 847 584 914 scribis
607 843 793 915 sensualiter
813 848 846 914 in
862 844 960 929 altari,
982 857 1217 914 sacramentum
1229 871 1302 917 esse

222 938 384 1030 confingis,
405 959 469 1005 non
491 958 589 1026 negas
611 959 682 1003 esse
703 934 825 1002 visibile
852 946 947 1025 atque
997 933 1147 1025 alpabile3
1174 937 1208 1004 in
1238 960 1302 1029 qua

222 1050 259 1098 re
280 1038 315 1095 tu
336 1025 399 1092 titt
412 1025 583 1115 suffugium
603 1025 680 1090 lacis
699 1035 731 1091 et
745 1024 831 1105 dicis,
852 959 1012 1092 tolerabile
1027 1048 1107 1106 esse,
1129 1024 1216 1117 quod
1231 1048 1300 1096 car-

221 1139 298 1186 nem
321 1112 438 1183 Christi
456 1123 688 1180 sacramentum
710 1135 782 1181 esse
803 1112 898 1194 dicas,
921 1117 994 1204 quia
1009 1113 1154 1182 Christus
1172 1137 1239 1184 non
1251 1117 1300 1184 in·

221 1205 446 1275 convenienter
472 1211 703 1269 sacramentum
732 1201 848 1270 Christi
875 1225 945 1270 csse
974 1201 1133 1290 dicatur.¹)
1160 1241 1206 1255 -
1233 1203 1300 1272 Ve-

223 1293 330 1365 cordia
351 1302 406 1358 tua
426 1291 459 1358 in
481 1313 521 1357 eo
544 1288 606 1370 est,
633 1298 668 1355 ut
696 1290 871 1382 subjeetum
894 1293 984 1383 panis
1012 1314 1069 1382 per
1090 1295 1300 1361 consecratio·

221 1404 299 1451 nem
326 1377 528 1468 absumptum
563 1401 634 1445 esse
666 1376 807 1461 desierit,
839 1402 900 1447 nec
928 1380 1105 1470 operatoria
1131 1390 1179 1448 est
1207 1383 1302 1450 etiam

222 1470 286 1540 Dei
301 1472 372 1561 ipsa
387 1468 622 1559 omnipotentia,
643 1476 679 1533 ut
696 1470 735 1535 sit
750 1467 802 1536 vel
817 1467 993 1538 secundum
1010 1470 1185 1538 sub'eetum
1196 1493 1302 1553 suum,

221 1557 275 1628 vel
296 1555 472 1627 secundum
494 1555 581 1647 quod
600 1556 635 1626 in
656 1556 796 1662 subjecto
819 1581 858 1627 eo
888 1569 967 1642 erat,
996 1494 1082 1650 quod
1103 1581 1215 1627 revera
1235 1562 1302 1650 jam

222 1671 288 1718 non
310 1649 358 1729 sit,
379 1648 461 1713 sicut
480 1668 542 1715 nec
564 1655 740 1735 operatorra
761 1658 837 1730 erat,
857 1658 894 1714 ut
915 1659 1030 1730 essent,
1053 1647 1203 1741 quamdiu
1222 1671 1301 1716 non·

222 1736 301 1807 dum
321 1741 420 1816 erant,
442 1757 525 1825 quae
553 1733 695 1801 nondum
722 1757 794 1802 esse
814 1737 1012 1827 inceperant3
1042 1758 1107 1804 non
1135 1739 1224 1804 enim
1253 1735 1301 1808 vet

222 1824 324 1894 multo
346 1824 458 1916 magis,
477 1819 532 1890 vel
551 1821 653 1893 multo
676 1825 791 1906 minus,
814 1823 871 1892 sed
891 1825 1100 1894 indifferenter
1122 1827 1252 1894 omnino
1274 1835 1302 1893 et

221 1937 288 1984 non
309 1923 392 1994 sunt,
410 1934 496 2068 puae
515 1910 659 1980 nondum
679 1935 751 1980 esse
772 1925 953 2006 coeperunt,
976 1925 1007 1982 et
1027 1937 1093 1984 non
1114 1925 1198 1997 sunt,
1210 1935 1300 2006 <quae

219 2006 287 2096 jam
314 2025 386 2070 esse
433 1999 584 2081 esierunt3
611 1999 711 2068 multo
733 2012 842 2070 autem
864 2006 966 2095 magis
988 2015 1036 2072 est
1078 2013 1181 2070 raesto
1209 2015 1299 2071 natu·

221 2114 277 2161 rae
296 2089 457 2158 humanae
479 2089 638 2158 attendere
658 2091 780 2160 facilius
802 2114 882 2175 esse,
904 2095 1007 2161 lacere
1068 2091 1154 2183 'quid
1183 2090 1224 2159 de
1248 2091 1300 2182 ali·

222 2202 299 2274 quo,
321 2203 419 2272 quam
439 2181 544 2247 lacere
566 2177 684 2269 aliquid
705 2180 746 2248 de
767 2179 879 2262 nihilo,
908 2191 1003 2270 atque
1031 2203 1071 2250 eo
1100 2180 1226 2250 dicendi
1248 2204 1299 2272 ge·

221 2293 298 2341 nere
319 2266 538 2358 accipiendum
561 2278 616 2351 cst,
643 2269 730 2359 quod
752 2267 825 2338 dicit
845 2266 1044 2338 Ambrosius:
1075 2269 1175 2336 multo
1202 2271 1303 2362 magis

222 2359 418 2450 operatorius
445 2367 509 2439 est,
560 2367 693 2425 uantum
720 2357 805 2427 enim
833 2359 874 2429 ad
895 2357 1006 2425 Deum
1031 2356 1242 2428 indifferenter
1267 2381 1302 2428 se

221 2445 326 2527 babet,
347 2457 380 2514 et
400 2448 505 2513 lacere
526 2379 644 2536 aliquid
666 2445 705 2514 de
726 2445 832 2536 aliquo
855 2456 886 2513 et
906 2448 1010 2513 lacere
1039 2445 1157 2550 aliquid
1185 2446 1227 2515 de
1255 2447 1301 2517 ni·

220 2533 324 2623 bitot)
346 2571 391 2586 --
414 2534 505 2603 Sicut
525 2537 704 2626 propositus
723 2533 779 2602 tibi
807 2546 855 2603 est
876 2533 993 2605 Christi
1021 2533 1138 2604 domini
1166 2537 1303 2628 sanguis,

102 2622 104 2627 ’
221 2624 280 2694 sed
301 2645 366 2691 non
387 2621 580 2705 sensualiter,
601 2631 638 2690 ut
657 2621 781 2705 laveris,
801 2625 845 2692 ita
865 2645 923 2714 pro
949 2625 1046 2692 ositus
1069 2635 1132 2708 est,
1161 2625 1218 2694 sed
1240 2648 1302 2694 non

220 2712 418 2793 sensualiter,
439 2714 533 2780 etam
554 2723 589 2781 ut
610 2714 742 2801 poteris3
769 2710 849 2780 haec
874 2714 901 2778 si
922 2646 1069 2781 dominus
1090 2724 1165 2782 tuus
1186 2736 1301 2784 secun-

221 2802 301 2872 dum
322 2804 509 2870 exteriorem
531 2798 692 2870 hominem
711 2799 853 2870 facienda
874 2799 928 2868 tibi
950 2801 1135 2870 sensualiter
1159 2804 1301 2870 institue·

221 2901 279 2971 ret,
300 2891 402 2982 primo
426 2900 457 2957 et
477 2889 650 2980 capitaliter
670 2888 846 2958 secundum
872 2886 1141 2959 intellectualitatis
1170 2889 1302 2983 dignita·

221 2988 288 3048 tem
310 2981 422 3046 merito
444 2978 645 3062 exhorreres,
672 2977 729 3050 sed
747 2977 824 3047 nihil
843 2979 897 3047 tibi
917 2980 1113 3069 propositum
1135 2991 1192 3062 est,
1215 2978 1301 3071 quod

219 3071 291 3162 jure
314 3090 383 3134 esse
406 3070 505 3157 possit
523 3067 655 3138 horrori.
672 3105 717 3121 ·-
734 3068 848 3159 Exigit,
865 3078 901 3136 ut
914 3069 1019 3158 ipsum
1036 3069 1175 3137 eundem
1186 3069 1303 3139 Christi

152 3172 155 3179 '
222 3157 410 3246 sanguinem
431 3179 559 3247 semper
579 3158 613 3224 in
634 3159 821 3225 memoria
841 3157 1009 3238 habens,
1028 3159 1132 3238 ineo,
1156 3159 1248 3247 quasi
1270 3160 1302 3226 in

220 3247 335 3313 viatico
347 3244 388 3312 ad
396 3244 625 3315 conficiendum
634 3248 717 3312 vitae
726 3245 821 3335 hujus
830 3247 897 3325 iter,
907 3247 1059 3313 interioris
1071 3248 1216 3314 tuivitam
1225 3270 1300 3315 con·

221 3336 342 3416 stituas,
358 3336 439 3403 sicut
455 3337 615 3403 exterioris
633 3336 678 3401 tui
688 3336 784 3433 vitam
799 3334 831 3403 in
843 3335 1046 3403 exterioribus
1056 3336 1217 3402 constituis
1227 3335 1301 3404 cibis

221 3423 425 3514 etpotibus.¹)
436 3460 480 3474 ·-
491 3423 551 3490 Exi
573 3424 701 3490 'tetiam
712 3433 747 3490 ut
756 3424 840 3491 intus
851 3422 990 3506 credens,
1003 3424 1088 3516 quod
1100 3424 1243 3492 sicDeus
1254 3426 1299 3493 di·

221 3510 298 3581 lexit
313 3510 479 3593 mundum,
493 3523 528 3578 ut
570 3513 743 3603 nigenitum
758 3535 855 3579 suum
870 3511 958 3580 daret
973 3515 1229 3604 propiciationem
1242 3534 1299 3604 pro

133 3644 138 3651 ·
222 3602 370 3693 peccatis,
387 3603 480 3667 etiarn
496 3603 633 3667 exterius
649 3602 682 3668 in
695 3600 757 3668 hoc
769 3600 962 3669 elementum
979 3625 1082 3690 aquae
1094 3603 1301 3694 immergaris,

222 3699 256 3758 et
273 3690 316 3757 ita
337 3689 390 3755 tibi
411 3688 527 3757 Christi
544 3700 680 3756 mortem
697 3689 813 3782 efligies
829 3711 887 3794 per
903 3688 1095 3759 elementum
1111 3713 1224 3780 aquae,
1246 3712 1301 3783 per

222 3801 291 3848 rem
308 3778 505 3859 exteriorem,
529 3775 608 3844 dum
629 3779 662 3846 in
680 3802 751 3846 eam
773 3801 864 3869 quasi
885 3778 1073 3853 occidendus
1095 3777 1210 3847 immer
1233 3783 1302 3862 aris,

222 3866 300 3937 dum
312 3865 351 3934 de
362 3888 402 3934 ea
413 3868 505 3958 quasi
513 3866 717 3935 vivificandus
731 3865 900 3936 extraharis
915 3865 1079 3959 (ejusmodi
1089 3869 1175 3935 enim
1187 3805 1302 3937 cineri

223 3978 310 4024 mors
332 3957 396 4037 luit,
416 3965 455 4023 ut
474 3954 650 4023 secundum
665 3979 782 4045 corpus
796 3959 941 4038 moriens,
961 3954 1137 4024 secundum
1152 3958 1299 4039 animam,

222 4043 399 4113 seeundum
422 4042 568 4112 deitatem
596 4046 745 4112 immunis
773 4055 914 4113 maneret
940 4065 960 4111 a
988 4051 1101 4132 morte)
1128 4046 1237 4198 sript,
1265 4056 1302 4114 ut

222 4153 282 4224 per
309 4135 536 4202 comestionem
568 4143 600 4202 et
626 4132 807 4203 bibitionem
834 4131 1048 4224 corporalem,
1076 4157 1157 4225 quae
1206 4142 1218 4199 t
1243 4155 1301 4224 per

223 4242 276 4289 res
297 4223 476 4305 exteriores,
498 4246 555 4314 per
576 4242 692 4313 panem
714 4231 746 4288 et
765 4222 884 4304 vinum,
912 4221 1247 4293 commonefacias
1269 4234 1300 4290 te

224 4308 392 4402 spiritualis
419 4311 621 4385 comestionis
648 4321 681 4382 et
706 4307 876 4396 bibitionis,
910 4336 993 4405 quae
1025 4311 1112 4385 fitin
1131 4322 1240 4385 mente
1259 4312 1300 4381 dc
