2714 4912
563 299 790 408 ..1754

140 525 348 573 remanere
377 522 519 592 pan-em
551 510 589 567 et
621 500 756 566 vinum
788 501 826 569 in
867 501 1051 592 pristinis
1077 506 1217 573 essen·

140 591 223 676 tiis,
246 593 324 660 etsi
347 595 461 683 panem
481 589 601 670 videat,
624 590 677 677 qui
700 590 911 656 communicat
932 593 1063 659 mensae
1084 591 1218 662 domini·

140 704 208 765 eae,
229 704 294 751 non
315 693 430 762 tamen,
454 678 539 768 quod
561 677 683 768 panem
699 677 878 744 sensualem
899 680 1016 764 videat,
1043 680 1103 749 sibi
1123 681 1219 751 [idem

139 770 256 840 debere
278 770 404 853 habere,
426 764 579 834 miraculo
595 767 627 833 id
642 766 875 834 attribuendum
889 771 972 836 esse:
994 782 1026 839 et
1040 782 1145 850 ratum
1158 773 1218 840 ha-

138 860 258 942 beatur,
270 857 433 952 ‘quidquid
454 857 508 925 tibi
528 856 682 923 videbitur
703 865 812 924 tantm
832 857 994 924 veritatem
1008 860 1156 950 aliene-⁸)
1174 898 1219 915 ····

138 948 211 1016 Hoc
234 952 260 1017 si
282 951 368 1017 omni
395 948 514 1013 ratione
541 945 726 1036 probamus,
752 948 771 1013 i.
794 970 821 1014 e.
849 968 913 1013 non
941 967 1035 1037 posse
1062 950 1220 1019 vulnerari

138 1058 268 1105 carnem
291 1038 415 1118 Christi,
438 1037 493 1126 qui
513 1057 681 1126 resurgens
703 1053 752 1101 ex*
765 1037 897 1102 mortuis
908 1037 975 1125 jam
995 1058 1059 1104 non
1078 1045 1219 1124 moritur,

138 1128 224 1217 quod
247 1127 288 1192 de
309 1146 405 1192 carne
427 1127 616 1216 accipiamus
637 1146 769 1191 necesse
791 1137 847 1207 est,
867 1127 1014 1193 -omni
1035 1131 1220 1197 necessitate

138 1215 363 1304 adstringimur
404 1212 524 1297 robure,
546 1237 612 1281 non
634 1214 780 1281 manibus
800 1216 908 1304 frangi,
931 1237 995 1282 non
1011 1213 1154 1282 dentibus
1171 1228 1219 1283 at-

102 1343 107 1350 ·
136 1304 196 1370 teri
219 1324 346 1370 carnem
398 1299 494 1386 bristi,
516 1300 568 1372 cui
589 1306 621 1369 in
644 1303 788 1394 sepulcro
812 1309 936 1394 positae
952 1303 1062 1370 datum
1076 1316 1133 1385 est,
1155 1325 1220 1373 non

137 1394 253 1458 sentire
275 1395 516 1483 corruptionem.
559 1391 659 1460 Multo
681 1394 783 1483 magis
812 1416 831 1459 a
857 1403 961 1462 morte
986 1395 1019 1461 in
1032 1394 1220 1484 impassibi*

135 1479 263 1547 litatem
282 1483 422 1548 restituta
451 1492 483 1548 et
509 1482 541 1547 in
568 1481 849 1565 immortalitatem,
877 1481 999 1550 nullam
1024 1486 1220 1566 fractionem,

134 1567 259 1636 nullam
279 1573 461 1652 sectionem,
478 1569 604 1637 nullam
627 1572 829 1653 attritionem,
857 1569 979 1637 nullam
1007 1571 1138 1639 admittit
1167 1571 1221 1640 vel

135 1680 192 1749 pro
216 1668 306 1746 parte
329 1659 381 1725 vel
404 1682 461 1750 pro
489 1670 556 1727 toto
586 1669 715 1725 auctore
743 1659 885 1748 apostolo
907 1657 1012 1726 Paulo
1040 1660 1219 1749 corruptio-

133 1749 248 1832 neml)
271 1786 315 1796 ——
337 1747 539 1838 Relinquitur
560 1768 645 1839 ergo,
668 1759 703 1814 ut
723 1748 912 1830 dictumest,
935 1759 1091 1835 quantum
1106 1751 1146 1816 ad
1160 1747 1219 1818 ve·-

134 1836 275 1902 cordiam
298 1840 378 1927 ejus,
400 1843 456 1928 qui
477 1837 520 1905 ita
542 1841 696 1929 opinetur,
719 1837 831 1905 adesse
858 1840 892 1905 in
923 1839 1013 1904 altari
1034 1836 1221 1907 sensualiter

135 1934 238 1990 toturn
262 1922 379 1991 Christi
400 1948 525 2014 corpus,
547 1925 671 1992 nullum
694 1947 822 2008 eorum,
851 1927 907 2017 qui
934 1927 1049 1994 eodem
1076 1939 1221 2017 ternpore

133 2013 280 2079 mensam
303 2012 501 2080 dominicam
514 2012 681 2093 celebrant,
703 2015 762 2080 nisi
777 2032 879 2080 unum
894 2015 1091 2083 sacerdotem
1107 2021 1221 2086 offerre

135 2099 253 2180 Christi
274 2100 471 2184 sacrificium,
494 2105 577 2257 goia,
601 2102 687 2193 quod
707 2100 841 2191 diversis
861 2105 895 2170 in
915 2101 995 2170 loeis
1017 2105 1132 2170 eodem
1148 2128 1219 2173 mo-

133 2199 242 2257 mento
265 2191 451 2257 sensualiter
473 2215 492 2256 a
515 2194 553 2258 sit
567 2210 701 2284 corpus,
723 2210 841 2279 corpus
868 2211 933 2258 non
956 2197 1027 2258 esse
1049 2194 1220 2275 constabit3

134 2279 288 2347 constabit
319 2280 523 2346 nihilominus
555 2302 631 2351 eum
664 2281 720 2370 qui
754 2282 920 2370 opinetur,
954 2277 1072 2348 Christi
1105 2302 1221 2371 corpus

134 2365 224 2434 coelo
248 2368 437 2435 devocatum
460 2369 572 2453 adesse
594 2367 780 2436 sensualiter
800 2370 833 2435 in
855 2368 953 2452 altari,
973 2371 1081 2461 ipsum
1104 2394 1139 2438 se
1162 2372 1220 2438 de-

131 2459 238 2546 jicere,
261 2457 348 2546 quod
369 2458 554 2524 vecordium
577 2469 633 2540 est,
655 2456 733 2524 dum
755 2453 928 2540 confirmat,
956 2478 991 2525 se
1013 2482 1112 2526 manu
1133 2463 1219 2528 han-

135 2566 221 2636 gere,
244 2544 337 2612 dente
361 2556 494 2611 atterere
517 2544 635 2613 Christi
656 2544 892 2637 corpus‚'qn0d
909 2559 1021 2615 ,tamen
1040 2544 1220 2639 ipsum-ness
1316 2592 1318 2596 »

135 2657 211 2724 gare
230 2649 297 2701 ‘non
318 2637 419 2723 possit
438 2632 630 2724 impassibile
653 2656 724 2700 esse
746 2644 777 2700 et
797 2635 1040 2727 incorruptibile.
1081 2638 1220 2704 Consta·⁸
1305 2705 1310 2719 ,

134 2725 179 2792 bit
201 2726 295 2789 etiam
318 2746 403 2804 eum,
426 2724 481 2812 qui
501 2724 545 2788 ita
567 2725 723 2814 opinetur,
745 2721 918 2806 Christum,
942 2725 997 2815 qui
1018 2726 1134 2813 veritas
1163 2737 1221 2809 est,

134 2811 273 2881 falsitatis
297 2834 439 2902 arguere,
462 2811 539 2877 dum
561 2807 697 2893 simsdat,
719 2832 836 2903 panem
860 2823 891 2879 et
912 2815 1024 2880 vinum
1045 2823 1118 2902 post
1140 2834 1219 2882 con-

134 2902 345 2968 secrationem
373 2923 443 2967 esse
464 2901 496 2965 in
520 2899 623 2983 altari,
651 2924 727 2968 cum
748 2922 813 2967 non
835 2896 927 2969 sitin
950 2924 1003 2983 eo,
1034 2905 1094 2969 nisi
1121 2905 1221 2994 ipsius

135 2987 321 3058 sensualiter
336 3011 461 3080 corpus.
490 2986 590 3055 Porro
606 2990 692 3080 quod
708 3001 743 3056 tu
758 3000 881 3079 partem
897 2993 1000 3082 carnis
1015 2991 1134 3059 Christi
1148 2995 1218 3082 opi-³

135 3079 219 3147 naris
242 3077 354 3144 adesse
376 3076 563 3145 sensualiter
583 3078 616 3144 in
638 3077 736 3161 altari,
758 3089 795 3145 ut
815 3081 959 3148 omittam
981 3091 1086 3147 cetera
1107 3081 1219 3169 incana,

135 3168 301 3248 venientia,
323 3167 511 3235 contradicis
532 3169 647 3256 partim
674 3168 824 3259 tibiipsi,
854 3171 964 3238 scribis
987 3171 1072 3233 enirn
1094 3163 1161 3234 fieri
1186 3171 1220 3238 in
1286 3173 1291 3184 '

136 3256 225 3323 altari
252 3255 485 3344 portiunculam
512 3259 614 3323 carnis
645 3280 703 3346 per
725 3261 962 3349 generationem
976 3256 1116 3347 subjecti,
1140 3254 1221 3326 sicut

136 3349 236 3412 lactus
264 3355 311 3410 est
334 3366 480 3434 serpena,
507 3347 564 3497 gui
589 3367 754 3436 nunquam
781 3350 893 3428 inerat,
923 3346 963 3412 de
991 3348 1081 3437 virga
1107 3343 1221 3436 Moysi,

137 3457 212 3502 curn
234 3456 299 3500 non
321 3455 428 3524 neges,
451 3435 506 3520 qui
528 3432 603 3522 quid
623 3436 656 3499 in
679 3454 811 3523 corpore
834 3432 952 3502 Christi
974 3446 1031 3516 est,
1054 3455 1112 3525 per
1133 3435 1221 3503 mille

137 3544 238 3590 annos
258 3520 527 3612 incorruptibiliter
549 3524 714 3602 exsistere;
736 3523 822 3589 unde
844 3522 1000 3590 affirmare
1020 3544 1086 3590 non
1108 3528 1221 3614 possis,

137 3634 267 3679 carnem
289 3634 375 3678 nunc
397 3612 535 3701 primurn
556 3614 671 3677 iactam
694 3610 810 3677 Christi
832 3634 962 3679 cantem
992 3636 1077 3701 esse,
1106 3617 1219 3702 partim

137 3700 219 3781 fidei,
241 3724 305 3790 qua
328 3698 472 3767 catholici
495 3722 607 3766 omnes
628 3700 820 3789 impassibile
838 3703 906 3789 jam
921 3711 953 3768 et
965 3701 1133 3789 insecabile
1149 3707 1219 3770 esse

137 3800 282 3859 asserunt
302 3812 422 3880 corpus
440 3785 565 3871 Christi,
586 3789 671 3856 unde
698 3788 860 3879 apostolus
882 3786 971 3879 dixit:
1000 3792 1058 3858 etsi
1083 3810 1218 3859 novera·

122 3899 213 3944 ¹mus
235 3872 395 3945 Christum
424 3879 602 3954 secundum
630 3881 830 3969 sanguinem,
860 3879 916 3945 sed
941 3881 1007 3970 jam
1035 3902 1099 3946 non
1126 3883 1216 3946 novi-

139 3989 219 4032 mus.
243 4005 288 4016 -
310 3967 510 4035 Postremum
531 3970 655 4049 insisto,
684 3968 770 4058 quod
796 3960 939 4035 insistere
961 3970 1050 4059 potui
1070 3969 1218 4057 primurn,

137 4055 246 4124 infiniti
268 4064 316 4121 est
337 4061 479 4144 stuporis,
502 4058 588 4146 quod
609 4057 760 4145 inducere
781 4056 861 4123 duas
876 4057 992 4124 Christi
1014 4076 1125 4123 carnes
1146 4080 1218 4126 esse
1290 4083 1295 4092 ‘

138 4168 203 4212 non
225 4144 364 4226 dubitas3
386 4145 448 4212 hoc
469 4159 575 4214 autem
598 4150 682 4229 lacis,
704 4148 789 4213 dum·
804 4147 922 4226 scribis,
951 4167 1078 4231 carnem
1102 4144 1218 4214 Christi

140 4254 225 4302 nunc
245 4236 385 4325 primum
406 4237 524 4301 factam·
543 4260 601 4326 per
622 4239 857 4328 generationem
873 4236 1013 4324 subjecti,
1034 4256 1215 4326 sacramen·

140 4333 208 4392 turn
230 4324 332 4394 carnis
354 4347 425 4392 esse
448 4322 570 4395 Christi-
585 4338 657 4395 ante
678 4325 765 4396 mille
785 4337 818 4394 et
840 4323 978 4415 amplius
1003 4344 1102 4392 armos
1131 4327 1215 4393 exsi-
