2714 4912
560 297 885 443 ...⁴32..·„¹

204 502 235 568 tr)
253 507 344 557 Paeon
362 517 419 569 ooo,
435 517 459 563 ιι.
480 506 555 552 1518.

206 575 228 638 ι)
246 581 336 651 patron
354 590 378 634 u.
397 574 472 624 roos.
489 579 522 624 n.

206 645 244 709 m)
262 651 352 698 runem
370 659 394 704 o.
414 646 491 694 aare.

46 774 48 781 ¹
205 715 234 780 n)
254 721 326 778 Quod
338 718 439 765 ubertus
453 717 584 774 exultesns
599 717 691 773 Rusca.
710 726 806 764 summa
818 715 909 771 tngeutt
924 716 978 762 aste
993 717 1072 777 doust,
1091 723 1119 765 ut
1133 718 1208 767 curr·
1228 762 1232 769 .

65 820 70 827 ‹
104 786 107 791 '
136 798 192 840 stus
214 804 263 838 uon
284 790 419 836 voluntutts
442 793 538 847 soturu,¹
559 788 605 834 sed
626 793 732 833 naturae
756 787 967 858 quorumnam
985 792 1038 834 tteo
1062 800 1121 836 osse
1144 802 1209 838 oon.

131 867 251 922 tunotum,
269 860 398 908 etcertum
414 871 462 906 nos
478 858 607 915 pauttuttm
625 859 723 906 christo
741 839 919 916 ὅμοουσιους
937 858 990 906 flcrt
1007 859 1104 906 debore.

205 927 233 991 o)
252 931 384 979 Pssctoustt
401 943 459 986 opo.
477 942 502 986 p.
522 927 647 977 16991).
1087 952 1090 957 ·

206 1001 346 1059 polinicem
364 1013 388 1056 p.
409 1000 484 1047 1699.
503 1002 533 1046 t).
1046 1060 1051 1068 ἱ

205 1073 235 1128 o)
255 1075 333 1127 cutus
351 1071 386 1117 ret
403 1073 522 1117 nonnults
538 1071 655 1126 exempto
673 1069 809 1116 atteruntur
826 1083 865 1126 cp.
884 1069 952 1117 xlv.
970 1083 993 1127 p.
1014 1070 1092 1120 tour.
1111 1071 1156 1118 99.

202 1144 230 1275 :l
249 1140 424 1272 duillers,
443 1178 508 1266 uuas
526 1210 652 1258 insertoris
669 1210 761 1257 aetatis
780 1194 905 1257 doctorum
923 1212 1064 1269 praeceptts
1081 1204 1208 1261 contraris

133 1291 201 1344 sunt,
219 1298 274 1334 oum
291 1284 348 1332 tatct
367 1290 455 1340 postea
471 1293 488 1329 a
505 1283 562 1330 rtno
581 1282 683 1329 attendo
701 1281 901 1343 urontnerentur,
924 1283 1061 1331 mtserrtme
1079 1285 1207 1340 detorquet

134 1358 278 1406 Strmondus
296 1368 321 1410 p.
342 1354 418 1400 11199.

205 1426 228 1481 t)
248 1440 273 1483 p.
294 1425 368 1472 1699.
387 1426 415 1472 (⁸.

204 1496 236 1551 u]
255 1509 280 1553 p.
298 1496 375 1543 1696.
393 1497 422 1544 c.

195 1564 233 1630 Ν)
254 1581 279 1625 Ρ·
298 1565 375 1617 ¹62¹·

617 1696 646 1781 u.
669 1615 725 1763 lo.

193 1823 243 1890 Ex
255 1845 317 1910 quo
329 1819 396 1886 libri
407 1827 591 1908 argumento
602 1816 1207 1909 intelligitur,PaschasiiRadberti,

137 1915 163 1980 si
202 1915 286 1977 aucis
297 1907 542 2000 complectimur,
565 1910 749 1974 sententiam
762 1909 857 1974 luisse
868 1907 963 1974 hanc:
977 1919 1105 1976 externa
1119 1932 1205 1999 sym-

134 1936 207 2069 boll
234 2001 322 2091 panis
350 2009 381 2063 et
414 2000 522 2064 vinum
556 1995 723 2064 sacerdotis
750 2000 983 2068 consecratione
1009 1998 1041 2065 in
1069 1999 1208 2090 corporis

136 2101 168 2157 et
188 2091 346 2180 sanguinis
368 2086 485 2154 domini
507 2084 709 2152 substantiam
730 2087 773 2152 ita
795 2089 1065 2168 transformantur,
1093 2098 1130 2153 ut
1152 2089 1207 2154 etsi

135 2203 170 2244 sa
193 2203 228 2245 or
250 2188 281 2245 et
303 2176 381 2255 odor
401 2178 541 2267 priorum
568 2175 795 2241 elementorum
822 2185 942 2255 manet,
969 2186 1076 2244 tamen
1102 2177 1207 2268 ipsum

136 2204 252 2336 clusit
273 2289 388 2357 corpus
415 2288 454 2332 ea
475 2266 589 2344 forma,
612 2286 714 2352 ·quam
741 2262 793 2329 illa
820 2262 979 2347 exhibent,
1007 2263 1120 2333 adesse
1146 2289 1205 2356 pu·

134 2355 264 2423 tandum
292 2357 338 2420 sit
384 2353 475 2436 Quae
504 2350 631 2440 quidem
659 2350 810 2434 doctrina,
839 2354 889 2419 cui
913 2355 980 2443 jam
1007 2351 1061 2419 diu
1088 2356 1206 2423 semina

132 2448 216 2536 jacta
238 2452 333 2524 erant,
356 2464 374 2536 a
397 2437 566 2506 Paschasio
589 2442 690 2531 primo
719 2451 863 2507 accurate
892 2454 923 2508 et
952 2443 1105 2533 exquisite
1125 2463 1205 2534 'pro-

39 2532 43 2543 '
136 2534 249 2636 posita,
283 2531 426 2620 quamvis
454 2527 605 2595 ecclesiae
638 2531 804 2596 universae
831 2553 988 2597 consensu
994 2530 1207 2685 ΙΙΓιοὶιειιεῑιιτ,

136 2602 335 2690 nihddminus
357 2617 550 2686 adversarios
572 2617 738 2685 nonnullos
753 2620 905 2700 excitavit,
928 2621 1002 2706 qui'
1028 2644 1089 2702 am,
1112 2644 1206 2712 quam

136 2698 240 2802 {usque
267 2708 307 2775 ad
335 2731 408 2775 eam
436 2717 569 2773 aetatem
595 2708 627 2774 in
656 2706 794 2774 doctrina
820 2707 969 2775 tradenda
997 2708 1142 2778 adhibere
1168 2710 1222 2781 ti-‚

137 2810 257 2880 cuerat,
287 2797 519 2888 ambiguitatem
541 2795 733 2863 retinendam
756 2819 835 2879 esse,
864 2798 1070 2888 opinarentur.
1116 2799 1206 2884 Quo-

136 2911 208 2954 rum
229 2886 393 2953 hominum
416 2886 577 2975 opiniones
599 2906 673 2951 cum
696 2883 828 2952 ecclesia
844 2885 1012 2968 Catlrolica,
1042 2911 1124 2978 quae
1152 2913 1205 2956 us-

137 3000 200 3064 que
223 2974 262 3040 ad
284 2975 537 3041 Reformatorum
566 2994 681 3040 aevum
706 2997 873 3065 nunquam
894 2975 1206 3044 transsubstantiatio-

136 3067 184 3131 nis
207 3063 378 3156 doctrinam
400 3064 615 3153 impugnatam
639 3086 709 3130 esse
730 3062 902 3146 contendit,
924 3062 963 3129 ad
985 3068 1053 3156 ejus
1076 3065 1207 3158 dogma·
1229 3069 1231 3077 '

136 3155 174 3218 fis
200 3177 345 3220 normam
372 3152 564 3241 interpretari
592 3161 624 3217 et
650 3150 689 3217 de
716 3152 884 3238 certamine
911 3153 994 3244 ipso,
1021 3155 1207 3244 quodcum

136 3242 305 3334 Paschasio
327 3242 474 3321 inierunt,
502 3237 636 3328 plurima
663 3241 865 3307 comminisci-
885 3263 963 3308 ausa
990 3243 1040 3308 sit:
1069 3255 1105 3312 ut
1134 3269 1208 3313 vera

137 3355 248 3398 eorum
269 3332 353 3396 notio
375 3328 589 3418 librorumque
608 3339 791 3419 argumenta
807 3340 891 3395 recte
909 3345 1148 3421 cognoscantur,
1168 3334 1207 3402 de

134 3421 172 3485 iis
195 3421 267 3485 viris
289 3417 416 3510 singulis
438 3416 659 3509 disputandum
681 3441 752 3485 csse
773 3417 850 3509 milri
870 3417 998 3487 videtur.

620 3632 649 3717 §.
673 3633 723 3701 11.

225 3769 306 3837 lnter
327 3793 407 3860 quos
424 3782 471 3840 est
486 3772 723 3840 Ratramnus
742 3773 807 3839 sire
824 3771 1086 3840 Bertramnus.
1119 3775 1208 3844 Num

138 3883 213 3928 vero
232 3860 286 3949 qui
308 3870 408 3927 exstat
422 3860 460 3931 de
483 3885 614 3952 corpore
637 3871 669 3927 et
687 3863 837 3953 sanguine
859 3860 975 3927 domini
996 3859 1036 3927 ad
1057 3862 1208 3931 Carolum

140 3948 275 4018 Calvum
289 3946 366 4016 liber
385 3951 444 4040 ipsi
464 3951 675 4017 Ratramno
691 3957 737 4018 'an
760 3950 901 4016 Joanni
922 3949 1040 4019 Scoto
1068 3951 1206 4019 tribuen-

139 4038 199 4103 dus
214 4041 259 4119 sit
281 4036 410 4103 dubitari
424 4049 532 4128 potest.
563 4039 712 4127 Namque
727 4041 794 4104 Joa.
810 4037 941 4103 Scotum
956 4040 1112 4132 scripsisse
1128 4062 1206 4107 con-

138 4135 185 4193 tra
205 4126 420 4206 Paschasium,
464 4128 496 4191 ui
519 4148 556 4192 ea
579 4136 678 4192 aetate
700 4127 855 4207 vixerunt,
878 4129 1042 4219 scriptores
1062 4128 1208 4218 ignorant

139 4213 280 4304 quidem,
306 4149 497 4281 Adrevaldus
524 4237 599 4280 vero
628 4213 800 4281 monachus
823 4215 890 4306 jam
912 4217 946 4286 Α
969 4218 1042 4296 870,
1067 4227 1104 4282 ut
1130 4242 1207 4287 eum

138 4300 298 4386 refelleret,
319 4313 483 4403 tractatum
504 4301 544 4374 de
565 4316 697 4396 corpore
724 4313 755 4372 et
781 4308 933 4399 sanguiue
961 4303 1074 4396 Christi
1099 4319 1213 4379 contra.
