2714 4912
259 803 315 899 A.
378 797 675 892 ECCLESIA
705 798 952 894 LATINA.
1059 910 1062 915 ,

178 1021 205 1092 1.
249 998 1034 1092 sncnrur'crunrurssnn.

346 1255 369 1316 r.
410 1254 539 1317 ouran
561 1254 654 1341 urus
673 1255 857 1321 annours

563 1424 592 1510 t.
615 1427 644 1492 1.

56 1552 143 1668 Jarn
164 1597 388 1688 antiquissimis
411 1598 640 1690 temporibus)
664 1597 831 1667 Christiani
852 1623 909 1692 pro
932 1601 1037 1681 sacris,
1059 1623 1141 1690 quae

56 1691 197 1758 maxime
218 1688 290 1757 Deo
313 1686 481 1780 placerent,
504 1689 649 1757 virtutem
672 1698 703 1755 ct
725 1691 886 1780 pietatem,
916 1699 947 1756 et
968 1711 1050 1780 quae
1069 1689 1141 1756 inde

56 1789 247 1861 nasceretur,
253 1779 481 1952 (precationem
503 1776 575 1845 Deo
602 1775 776 1844 faciendam
804 1776 964 1846 habendas
991 1799 1061 1845 esse
1084 1776 1138 1845 de,

56 1878 224 1936 creverunt
277 1917 285 1930 .

56 1956 100 2026 X.
124 1960 196 2042 12).
230 1954 341 2045 ltaque
361 1953 489 2045 plurimi
511 1957 578 2045 ejus
600 1958 706 2022 aetatis
728 1959 904 2047 scriptores,
931 1967 966 2023 ut
986 1958 1137 2047 improbi·

56 2048 128 2114 tatis
151 2045 378 2134 suspicionem,
407 2065 504 2133 quarn
530 2045 650 2111 ratione
674 2043 830 2135 religionis
857 2056 963 2113 contra
991 2068 1026 2113 se
1047 2069 1136 2113 com-

56 2144 232 2216 moverant,
254 2129 340 2223 apud
361 2154 503 2222 paganos
529 2131 695 2215 diluerent,
722 2135 842 2201 virtutis
865 2133 1059 2202 Christianae
1081 2134 1137 2202 do-

56 2232 207 2292 cumenta
226 2226 379 2303 τροπωαῢς
397 2241 490 2288 sacra
503 2220 576 2289 Deo
599 2221 756 2289 offerenda
777 2223 939 2289 nominare
959 2246 1024 2289 non
1045 2224 1137 2288 omit·

57 2311 206 2398 tebantl).
251 2307 348 2395 Quod
369 2333 486 2377 nomen
509 2320 635 2378 sanctae
648 2310 863 2377 Eucharistiae
885 2335 1012 2401 quoque
1031 2312 1135 2401 impo-

58 2404 153 2470 sitnm
169 2423 249 2480 esse,
272 2423 310 2467 eo
333 2399 438 2465 minus
459 2399 549 2467 nobis
571 2401 688 2488 mirum
710 2423 780 2468 esse
801 2398 902 2482 debet,
924 2399 1009 2490 quod
1030 2422 1135 2467 sacra·

57 2513 130 2559 rum
152 2489 413 2556 caerimoniarum
435 2489 502 2578 ejus
528 2489 651 2557 tributio
672 2491 817 2556 omniurn
832 2512 957 2556 summa
979 2512 1048 2555 esse
1075 2494 1138 2579 pu-'
1203 2500 1206 2505 ’

49 2579 188 2648 dabatur.
241 2577 348 2661 Quam
381 2577 422 2643 ob
454 2600 523 2644 rem
555 2580 696 2645 Justinus
728 2579 878 2666 Martyr⁰t
909 2577 1136 2645 Eucharistiam
1247 2548 1277 2586 ἰ

57 2667 164 2737 multis
184 2665 262 2734 locis
283 2672 435 2747 τροπικῶς
462 2664 648 2732 sacrificium
675 2665 851 2757 appellavit,
873 2664 958 2754 quod
980 2687 1055 2730 cum
1077 2690 1135 2756 po-

57 2756 133 2849 pulo
157 2754 288 2822 adstanti
310 2746 441 2836 daretrst,
461 2754 534 2822 Deo
554 2778 612 2846 pro
634 2764 680 2820 tot
700 2756 853 2843 tantisque
872 2753 1036 2835 beneficiis,
1056 2776 1138 2843 quae

59 2857 89 2915 et
109 2847 164 2925 iis,
195 2867 258 2933 que
287 2840 327 2908 ad
353 2842 525 2911 vivendum
544 2844 721 2911 necessaria
744 2853 855 2924 essent,
877 2840 1085 2934 procreandis
1107 2855 1139 2911 et

59 2937 137 3003 Jesu
160 2932 276 3000 Christi
297 2942 398 2998 morte
420 2934 590 3022 expiatoria
611 2931 772 3000 efficienda
793 2934 826 2998 in
841 2933 1034 3000 Christianos
1057 2955 1133 2998 con·

59 3024 188 3104 tulisset,
208 3020 319 3089 laudes
379 3031 507 3110 atesque
527 3021 722 3088 haberentur.
755 3022 848 3106 Quae
868 3023 1046 3088 communis
1068 3044 1133 3087 ser-

59 3113 162 3181 monis
184 3120 336 3178 consuetu
359 3135 377 3177 o
400 3109 560 3199 paullatim
581 3108 613 3177 id
635 3112 744 3192 effecit,
771 3121 815 3191 ut,
843 3109 928 3200 quod
957 3121 1046 3177 antea
1068 3135 1135 3191 roo·

60 3208 156 3274 πικῶς
179 3199 239 3266 dici
259 3199 387 3281 solebat,
408 3198 441 3266 id
461 3199 652 3267 vocabulum
691 3223 744 3265 arn
764 3198 916 3284 trenaett)
943 3198 1135 3289 temporibus

60 3291 184 3383 proprie
205 3288 365 3355 diceretur.
415 3288 540 3355 Etenim
568 3300 604 3355 ut
620 3223 733 3355 Judaei
755 3312 805 3355 ex·
818 3289 962 3354 omnibus
983 3289 1030 3367 iis,
1052 3311 1135 3382 quac
1188 3330 1191 3337 ·

60 3377 269 3470 possidebant,
312 3378 439 3443 rimitias
458 3379 491 3444 in
513 3378 575 3443 aris
590 3379 700 3445 offerre
715 3376 885 3443 debuerant
898 3377 997 3460 (Dent
1012 3375 1135 3442 Xnvt.

61 3470 201 3554 l—ll),
223 3467 266 3534 ita
306 3463 525 3532 hristianorum
546 3488 616 3532 esse
635 3465 806 3546 videbatur,
816 3463 924 3531 Deum
946 3488 1010 3531 non
1031 3463 1139 3545 solum

61 3557 204 3650 precihus
228 3566 259 3624 et
279 3555 412 3644 hymnis,
435 3552 491 3620 sed
513 3554 607 3620 etiarn
629 3552 778 3620 sacrificio
799 3552 936 3643 quodam
958 3576 1033 3620 vero
1056 3555 1133 3620 offe-

62 3646 157 3715 rendo
180 3645 310 3734 placare.
362 3644 416 3710 Sic
437 3644 531 3733 igitur
550 3641 698 3731 Irenaeus
725 3643 907 3735 saepissime
934 3642 1134 3725 Christianos,

60 3747 92 3803 ut
114 3738 148 3801 in
169 3736 208 3804 V.
230 3733 269 3800 T.
295 3733 450 3799 sancitum
478 3733 531 3813 sit,
559 3730 743 3813 oblationes,
771 3755 873 3821 „quae
899 3732 979 3798 inter
1005 3732 1132 3798 Eucha-

61 3825 198 3906 „ristiam
219 3820 460 3888 distribuendam
483 3819 523 3885 ad
545 3818 741 3887 sacerdotum
763 3832 793 3887 et
808 3844 984 3911 pauperum
1005 3832 1134 3887 naturae

61 3909 230 3995 „desideria
250 3909 388 3976 satianda
407 3913 440 3976 irr
464 3932 518 3975 ara
535 3918 723 4000 ponantur“,
753 3908 963 3976 immolandae
988 3912 1133 3976 victimae

60 4000 129 4070 loco
149 3995 382 4090 quodammodo
398 3997 571 4066 sacrificare
588 3998 700 4066 debere
717 3998 840 4066 'udicat'
872 3998 966 4082 Quod
980 3998 1139 4087 judicium·

29 4146 33 4153 .
60 4115 99 4159 eo
122 4090 223 4179 magis
246 4086 370 4179 probari
390 4099 538 4179 coeptum
560 4097 616 4170 est,
638 4023 725 4178 quod
743 4091 858 4155 sensim
880 4086 990 4155 eadem
1005 4087 1132 4168 ratione,

60 4202 126 4271 qua
147 4175 232 4270 apud
253 4173 392 4244 ludaeos
412 4176 597 4258 sacerdotes,
618 4179 698 4245 inter
717 4176 909 4245 Christianos
923 4175 1025 4241 clerici
1040 4183 1132 4266 piac-

60 4279 144 4339 stare
164 4265 368 4363 putabantur,
395 4275 432 4333 ut
458 4265 516 4335 soli
542 4290 674 4338 munera
695 4291 714 4335 a
736 4265 876 4336 fidelibus
897 4262 1000 4332 oblata
1020 4287 1133 4335 conse-

307 1863 466 1934 Chorinth.
489 1867 528 1935 V.
551 1868 580 1935 7.
602 1865 623 1933 l.
645 1866 797 1934 Petrilll.
820 1870 871 1935 18.
893 1867 987 1935 Hebr.
1007 1867 1063 1934 lX.
1086 1872 1138 1936 26.
1251 1892 1255 1899 ²
