2714 4912
568 318 700 383 *80
744 313 845 370 -”

144 475 339 560 simulantes,
368 473 559 542 dominici
586 473 771 564 corporis
793 481 831 540 et
853 451 1057 564 sanguinis
1079 493 1222 542 sacrae

142 549 520 656 mentum‚'puerorum
532 561 686 652 baptisma
701 561 859 644 damnant,
881 572 1031 664 tanquam
1046 560 1223 632 haereticos

142 656 182 725 ab
204 654 336 723 ecclesia
357 650 502 742 pellimus
530 660 562 716 et
582 650 772 718 damnamus
799 661 832 717 et
858 673 915 739 per
941 661 1110 741 potestates
1132 663 1222 720 exte-

23 800 25 804 .
140 768 193 812 ras
214 743 352 812 coerceri
372 740 611 831 praecipimus“
645 737 795 807 Similiter
814 740 848 807 in
869 737 1002 808 decretis
1015 739 1223 810 conciliorum

141 831 360 901 Lateranensis
381 828 416 898 ll.
428 833 524 896 1139.
547 851 615 895 can.
629 826 746 897 XXIII.
768 827 963 897 Turonensis
979 833 1066 896 1163
1082 852 1151 898 can.
1166 828 1221 899 IV.

139 919 339 991 Lambertani
366 918 463 986 1165.
491 915 711 985 Lateranensis
737 915 784 984 lll.
814 918 938 1004 rr79a)
990 916 1057 987 Sed
1085 917 1222 988 ethaeo

141 1008 271 1078 concilia
291 1007 405 1074 frustra
426 1006 620 1097 cogebantur
640 1016 673 1074 et
694 1005 748 1096 qui
769 1027 789 1072 a
810 1028 887 1096 rege
902 1003 1023 1074 Galliae
1044 1017 1076 1074 et
1097 1030 1118 1076 a
1137 1031 1221 1100 papa

141 1098 182 1166 ad
214 1095 381 1164 delendam
409 1106 529 1162 sectam
562 1097 679 1162 missus
712 1104 791 1176 erat,
821 1094 936 1162 Petrus
967 1095 1008 1161 de
1035 1095 1220 1189 Chrysogo-

140 1188 232 1273 nuss)
254 1187 353 1266 1178,
367 1182 531 1251 cardinalis
547 1195 580 1252 et
592 1183 724 1275 legatus,
746 1182 832 1276 quod
846 1183 980 1267 volebat,
1001 1183 1131 1254 minime
1145 1210 1219 1278 per·

140 1275 235 1344 ficere
256 1282 385 1365 poterat
407 1311 451 1322 -
473 1270 539 1339 Sed
560 1295 625 1340 non
647 1270 753 1338 solum
780 1274 813 1338 in
837 1271 954 1355 Gallia,
983 1272 1041 1341 sed
1068 1276 1164 1342 etiam
1189 1277 1219 1343 in

139 1363 256 1450 ltaliae)
270 1361 412 1452 ejusdem
424 1361 583 1428 doctrinae
602 1361 795 1451 perversitati
808 1361 891 1450 jacta
909 1371 983 1428 sunt
1002 1363 1132 1430 semina.
1154 1363 1219 1431 Eo-

139 1475 213 1522 rum
227 1475 313 1532 vem,
334 1451 367 1517 in
385 1472 521 1540 quorum
539 1450 651 1516 animis
667 1473 706 1517 ea
723 1460 949 1540 processerant,
970 1449 1112 1518 diversos
1130 1453 1220 1542 quasi

140 1542 265 1609 ordines
286 1540 382 1606 fuisse
403 1537 494 1604 tradit
514 1537 681 1606 Rainen'us
696 1536 844 1621 sacham,
865 1538 1068 1622 Albanenses,
1090 1541 1218 1609 Conco·

139 1653 301 1710 rezenses,
327 1628 375 1696 Ba
422 1625 554 1694 olenses.
596 1627 644 1695 Ba
691 1623 830 1708 aienses,
927 1638 998 1696 tuor
1023 1641 1219 1698 sacramenta

140 1743 211 1789 esse
233 1716 357 1798 docere,
377 1649 635 1783 Cbncorezenses
647 1651 846 1804 blprismum
889 1718 934 1783 eri
953 1716 1099 1786 manibus
1113 1721 1148 1787 in
1162 1719 1217 1788 ho-

140 1810 263 1876 minum
291 1804 445 1896 capitibus
479 1802 648 1895 ponendis,
680 1803 874 1873 Albanenses
904 1827 981 1874 vero
1013 1804 1090 1876 nihil
1123 1831 1218 1879 manu

140 1895 253 1964 confici
275 1916 379 1984 posse,
401 1895 519 1984 quippe
542 1915 625 1981 quae
651 1915 671 1962 a
699 1891 823 1960 diabolo
845 1904 952 1964 creata
979 1896 1033 1979 sit,
1060 1893 1120 1965 sed
1149 1921 1217 1966 ora·

140 1985 225 2052 tione
258 1982 435 2063 dominica,
468 1981 645 2049 secundum
678 1984 947 2052 consecrationem
975 1985 1065 2075 panis
1075 2033 1096 2089 ,·
1120 2009 1218 2078 quae

141 2073 323 2163 quotidie
361 2072 465 2139 inter
505 2069 700 2138 edendum
735 2073 916 2140 oratione
949 2072 1218 2145 dominrcaet

140 2160 326 2229 formula:
358 2161 484 2252 gratia
510 2158 672 2228 Domini
701 2158 852 2227 Christi
877 2160 1099 2246 nobiscum,
1127 2164 1216 2232 effi·

139 2253 274 2319 ciatur.
318 2248 371 2316 De
394 2273 458 2340 quo
480 2249 541 2317 ritu
559 2248 788 2340 judicaverunt,
810 2249 1007 2339 corporalem
1024 2275 1142 2343 panem
1156 2275 1218 2321 non

163 2362 233 2406 osse
256 2342 441 2421 consecrari,
464 2361 538 2406 curn
561 2340 601 2404 sit
622 2360 642 2404 a
663 2336 786 2404 diabolo
809 2349 941 2406 creatus.
964 2381 1006 2391 —
1031 2342 1133 2432 Cujus
1149 2344 1216 2433 qui·

138 2361 212 2495 dem
235 2428 393 2494 doctrinae
416 2429 510 2495 etiam
531 2428 564 2494 in
588 2425 778 2496 Germaniae
803 2425 909 2494 multis
931 2429 1100 2518 provinciis
1123 2432 1217 2499 exsti·

15 2561 18 2567 -
137 2525 243 2583 terunt
264 2527 423 2597 auctores3
446 2519 521 2607 quin
543 2516 623 2583 adeo
651 2517 684 2584 in
715 2516 845 2619 regione
875 2515 1064 2600 Trevirensi,
1093 2520 1217 2611 potissi·

138 2627 230 2672 mum
260 2626 336 2671 vero
364 2629 463 2696 prope
492 2605 660 2673 Coloniam
686 2605 890 2697 Agripprnam
918 2615 1081 2696 tantopere
1107 2620 1219 2676 auctus

139 2704 188 2760 est
210 2716 320 2760 eorum
342 2716 504 2776 numerus,
527 2705 563 2761 ut
583 2693 738 2761 Everinus
765 2696 962 2786 praepositus
984 2695 1219 2766 Steinfeldensio

138 2781 270 2873 epistola
285 2782 332 2852 ad
355 2794 498 2850 sanctum
520 2783 720 2850 Bernardum
742 2782 895 2850 auxilinm
917 2794 1054 2875 peteret
1090 2784 1146 2869 „In
1162 2809 1216 2856 sa·

138 2872 304 2938 oramentis
327 2872 400 2954 suis,
421 2874 531 2962 inquit,
553 2871 624 2940 velo
648 2896 683 2941 se
705 2883 831 2964 tegunt3
858 2884 965 2944 tamen
991 2873 1083 2943 nobis
1111 2886 1219 2967 aperte

138 2960 273 3026 confessi
295 2970 383 3040 sunt,
410 2960 497 3051 quod
524 2962 556 3028 in
586 2985 697 3030 mensa
725 2984 783 3029 sua
808 2963 953 3053 quotidie,
983 2987 1058 3032 cum
1080 2965 1216 3033 mandu-

138 3058 219 3125 cant,
242 3046 282 3115 ad
304 3050 438 3115 formam
454 3049 570 3117 Christi
591 3061 623 3119 et
642 3051 857 3141 apostolorum
874 3052 981 3120 cibum
996 3076 1091 3121 suurn
1111 3065 1143 3121 et
1156 3078 1216 3145 po-

137 3146 206 3203 tum
232 3137 265 3203 in
294 3160 410 3228 corpus
433 3136 547 3206 Christi
575 3150 608 3206 et
638 3142 824 3231 sanguinem
853 3164 912 3231 per
932 3141 1122 3210 dominicam
1144 3165 1216 3211 ora·

137 3227 256 3292 tionem
279 3237 478 3309 consecrant,
507 3238 542 3294 ut
567 3228 641 3295 inde
670 3250 705 3294 se
734 3226 878 3295 membra
906 3239 938 3296 et
965 3253 1081 3322 corpus
1103 3231 1217 3300 Christi

135 3315 280 3381 nutriant
323 3315 394 3383 Nos
420 3339 497 3383 vero
525 3316 685 3384 dicuntia
706 3319 909 3385 sacramentis
936 3340 1001 3387 non
1029 3330 1138 3389 tenere
1158 3345 1216 3390 ve-

135 3405 268 3485 ritatem,
291 3404 348 3470 sed
370 3405 530 3495 quandam
551 3405 696 3472 umbram
719 3417 751 3472 et
764 3404 929 3473 hominum
944 3407 1149 3477 traditionem.
1169 3411 1218 3479 Cf.

136 3490 281 3559 Eckberti
303 3516 464 3560 sermones
492 3494 643 3562 tredecim
671 3493 825 3562 adversus
847 3495 1058 3564 Catharorum
1085 3498 1215 3568 errores.

135 3579 229 3646 Serm
240 3579 304 3648 XI:
326 3581 374 3649 Ab
396 3605 461 3649 uno
483 3586 550 3651 viro
574 3585 628 3674 qui
646 3582 686 3651 de
704 3583 827 3675 angulis
844 3586 956 3652 vestris
973 3587 1100 3668 exierat,
1118 3610 1217 3656 unam

136 3666 231 3733 talem
257 3680 396 3737 vestram
419 3673 603 3763 sapientiam
631 3672 744 3741 audivi
788 3673 914 3764 Corpus
936 3685 1076 3740 vestrum
1098 3677 1216 3745 domini

136 3766 184 3822 est
205 3767 237 3823 et
258 3779 375 3847 corpus
402 3760 520 3837 domini
547 3763 658 3844 facitis,
687 3760 844 3854 quando
872 3784 1012 3854 panem
1038 3777 1216 3834 vestrum

135 3843 378 3913 benedicitis
401 3859 519 3940 atque
542 3873 589 3918 ex
612 3874 657 3919 eo
676 3874 818 3942 corpus
842 3863 1018 3917 vestrum
1042 3855 1217 3922 efficitis

134 3931 229 4001 Hunc
252 3958 431 4029 sermonem
453 3938 562 4008 dolose
578 3938 764 4031 significatis,
786 3937 911 4029 quando
928 3937 1103 4028 inquiretur
1119 3965 1139 4009 a
1155 3966 1216 4010 vo·

71 4075 73 4078 <
134 4020 190 4103 bis,
213 4035 318 4090 utrum
340 4048 415 4093 vere
437 4025 532 4096 fidem
552 4028 694 4096 habeatis
721 4029 761 4095 de
790 4048 922 4117 corpore
944 4024 1075 4096 Domini
1101 4042 1133 4097 et
1160 4054 1215 4100 re·

134 4112 294 4198 spondetis
314 4114 551 4204 inquirentibus,
573 4117 689 4184 bonam
718 4137 776 4182 vos
803 4114 844 4181 de
872 4137 1006 4209 corpore
1032 4116 1125 4184 fidem
1153 4118 1233 4196 ha·.

133 4196 217 4265 bere.
262 4201 309 4268 Cf.
331 4201 445 4271 Sermo
467 4203 488 4270 1.
511 4204 658 4271 Similiter
680 4213 775 4293 atque
798 4202 935 4287 Cathari,
963 4206 993 4288 ii,
1015 4205 1070 4296 qui
1092 4228 1127 4274 se
1149 4210 1215 4278 Ira·

133 4295 195 4354 tres
219 4298 250 4356 et
277 4311 401 4360 sorores
424 4292 548 4385 spiritus
568 4291 687 4382 liberil)
715 4303 924 4378 vocaverunt,
953 4293 994 4366 de
1014 4308 1232 4370 sacramento.
