2714 4912
568 333 789 398 „79-

142 501 232 584 paret
253 489 394 561 similem.
438 489 564 570 Etenim
591 490 616 556 si
647 487 780 557 eeclesia
810 488 962 560 eadrolica
990 496 1125 564 externis
1153 495 1219 566 ele-

141 580 415 653 mentis'nuendis
436 577 609 669 plurimum
629 578 797 659 tribuebat,
824 602 864 646 ea
890 579 1039 652 haeretiei
1058 596 1222 676 tantopere

142 669 392 751 contemnebant,
414 678 450 734 ut
471 690 601 758 prorsus
621 689 660 734 ea
677 665 829 736 abolenda
845 692 915 736 esse
929 685 1099 742 censerent.
1128 678 1221 760 Quae

141 783 218 829 cum
238 761 282 826 ita
303 761 372 841 sint,
395 760 545 849 quoniam
589 766 735 847 raeeepta
755 780 871 826 comm
891 763 1038 829 universa
1065 765 1092 831 si
1108 778 1219 856 'expo-

140 872 217 917 nere
239 848 407 928 studerem,
430 846 534 936 operis
565 869 632 913 ines
654 844 761 937 egredi
780 846 912 930 viderer,
935 873 1019 939 quae
1037 850 1077 920 de
1092 865 1220 922 sanctae

140 937 357 1006 Eucharistiae
380 937 518 1008 doctrina
540 935 819 1003 commemoranda
841 948 955 1020 essent,
983 939 1049 1008 [ieri
1075 965 1140 1010 non
1162 966 1220 1034 po·

140 1029 205 1109 tuit,
228 1029 304 1199 quin
325 1026 537 1093 invenirentur
557 1048 724 1129 perpauca.
746 1063 790 1075 --

145 1159 149 1164 -
262 1138 339 1182 uem
366 1117 504 1204 primurn
530 1111 761 1181 haereticorum
788 1115 1017 1182 nominandum
1046 1115 1144 1198 duco,
1174 1129 1221 1186 est

139 1205 283 1272 Petrus
306 1204 353 1270 de
370 1204 516 1288 Bruis⁸t
539 1205 757 1290 (1101441,
781 1206 835 1292 qui
853 1227 918 1282 non
932 1203 1039 1276 solum
1055 1207 1221 1275 veritatem

138 1317 195 1362 cor
219 1294 280 1358 oris
302 1302 334 1358 et
354 1292 513 1381 sanguinis
535 1291 666 1359 Domini
688 1294 826 1383 quotidie
854 1317 912 1383 per
934 1305 1167 1362 sacramentum
1188 1296 1221 1364 in

139 1317 273 1449 ecclesia
296 1382 488 1448 offerendam
509 1382 684 1470 negavit,
710 1382 787 1462 „sed
810 1382 936 1449 omnino
957 1381 1036 1449 illud
1049 1383 1125 1451 nihil
1140 1390 1221 1467 esse,

138 1477 244 1559 neque
254 1469 328 1537 Deo
342 1472 447 1538 offerri
458 1469 593 1536 debere“
608 1469 753 1536 decrevit
788 1471 974 1558 Henncust)
986 1496 1062 1549 vero
1074 1476 1220 1559 (1116-

112 1571 117 1590 ·
139 1562 238 1645 tres)
260 1563 330 1650 ejus
352 1556 534 1648 discipulus,
554 1559 620 1624 fere
640 1558 763 1640 eadem,
786 1583 868 1647 quae
882 1557 935 1625 ille
950 1560 1080 1642 tradidit,
1100 1563 1133 1628 in
1148 1561 1220 1652 plu-

136 1648 232 1714 rimas
254 1659 372 1728 autern,
394 1671 469 1716 eum
493 1644 613 1713 Galbae
634 1656 668 1712 et
687 1645 852 1714 Helvetiae
879 1649 1027 1738 regiones
1048 1650 1219 1740 perlustra·

135 1747 192 1818 ret,
214 1736 321 1804 incidit
343 1735 543 1803 calamitates.
585 1736 673 1803 Nam
696 1760 771 1803 curn
792 1737 974 1818 admirabili,
997 1761 1061 1827 qua
1082 1737 1220 1807 excelle·

135 1824 212 1905 bat,
231 1825 412 1915 eloquentia
440 1823 541 1915 plebis
576 1825 719 1896 amorum
731 1876 741 1908 ,
781 1825 1052 1915 quemadmodum
1085 1826 1221 1912 volebat,

135 1925 362 1994 commoveret,
384 1923 420 1979 ut
441 1913 564 1978 nullum
582 1916 650 2002 jam
672 1912 769 1980 alium
785 1915 982 1983 sacerdotem
999 1914 1128 1997 audiret,
1147 1919 1218 2004 qui-

136 2025 209 2092 que·
223 2002 379 2079 adhortari
401 2000 565 2082 audebant,
588 2014 822 2091 aspamaretur:
847 2028 866 2070 a
886 2027 970 2095 papa
984 2003 1128 2096 Eugenio
1142 2003 1219 2096 lll.⁶)

135 2114 193 2182 per
214 2091 394 2169 Alberieum
416 2089 607 2158 cardinalem
629 2099 661 2156 et
682 2101 826 2158 sanetum
842 2092 1041 2158 Bernardum
1062 2104 1173 2182 captus
1189 2105 1221 2162 et

136 2181 285 2270 episcopo
315 2179 477 2249 Tolosano
504 2177 727 2245 custodiendus
754 2180 885 2247 traditus
913 2189 969 2245 est.
1019 2179 1098 2270 Ejus
1131 2205 1219 2264 vero,

136 2273 191 2359 qui
219 2271 260 2337 ad
287 2293 383 2337 suum
412 2268 572 2334 arbitrium
600 2266 860 2358 voluntatemque
874 2266 1068 2371 'monalium
1096 2271 1220 2338 animos
1255 2356 1257 2360 ι
1331 2331 1335 2344 ι

135 2359 378 2440 accommodare
400 2359 508 2449 potuit,
530 2357 687 2424 erroribus
710 2357 852 2447 plurimis
872 2356 1008 2439 illorum,
1053 2359 1087 2425 ui
1107 2360 1139 2426 in
1162 2383 1218 2427 ea-

135 2446 209 2514 dem
231 2451 359 2538 ragione
381 2446 554 2513 habitantes
578 2445 737 2533 Catharil)
759 2445 961 2528 vocabantur,
984 2381 1219 2517 eflloruisse

134 2537 294 2607 doetrinae
316 2534 548 2611 similitudinem
569 2536 770 2605 manifestum
791 2546 846 2602 est
892 2535 1021 2603 Cathari
1047 2539 1141 2618 enim,
1164 2540 1220 2628 qui

135 2625 175 2692 ab
195 2627 248 2707 iis,
277 2626 460 2715 quiprimis
489 2623 642 2691 ecclesiae
671 2622 866 2690 Christianae
893 2624 1088 2714 temporibus
1115 2625 1218 2692 Mani-

135 2713 230 2790 ehaei¹
246 2717 397 2782 nominati
416 2724 499 2795 sunt,
522 2713 675 2802 originem
697 2710 824 2779 duxisse
843 2711 996 2792 videntur,
1019 2736 1078 2802 per
1090 2715 1218 2780 univer-

135 2826 204 2868 sam
226 2804 364 2871 mediam
386 2812 521 2868 aetatem
543 2801 740 2892 potissimum
767 2802 800 2867 in
823 2801 923 2871 Gallia
943 2800 1166 2890 Narbonnensi
1184 2814 1220 2870 et

133 2890 220 2959 ltalia
241 2895 404 2981 superiore
424 2891 457 2957 in
479 2900 601 2957 tantum
622 2912 793 2958 numerum
815 2901 988 2972 creverant,
1010 2900 1046 2958 ut
1065 2891 1218 2960 ecelesiae

134 2980 307 3049 catholicae
326 2979 415 3071 leges
436 2977 597 3070 negligere
619 2990 757 3066 possent.
802 2980 857 3046 Sic
885 2982 1002 3047 foetum
1032 2990 1095 3061 est,
1122 2992 1159 3048 ut
1186 2992 1219 3048 et

135 3093 258 3138 errores
280 3081 375 3159 atque
397 3071 475 3136 ritus
498 3091 673 3158 perversos,
695 3069 750 3158 qui
772 3069 889 3135 sensim
910 3071 942 3135 in
965 3069 1099 3137 ecclesia
1112 3070 1216 3136 inere-

134 3159 291 3239 bruerant,
313 3163 449 3250 ingenue
472 3158 692 3247 vituperarent,
714 3167 746 3224 et
766 3158 826 3247 ipsi
839 3160 903 3224 suis
917 3157 1094 3227 libidinibus
1111 3157 1217 3224 indul-

135 3258 254 3339 gentes,
276 3247 448 3314 doctrinam
475 3247 586 3314 falsum
613 3245 818 3337 religionique
842 3247 1039 3314 Christianae
1060 3246 1218 3316 traderent

134 3338 330 3403 contrariam.
374 3336 427 3401 De
456 3359 524 3426 qua
547 3338 694 3403 universa
723 3347 758 3403 ut
784 3336 884 3402 fusius
911 3335 1114 3417 dissererem,
1141 3359 1218 3403 cum

134 3425 211 3492 mihi
232 3427 362 3492 minime
384 3447 439 3516 pro
464 3427 578 3490 ositum
608 3427 662 3504 sit,
689 3447 727 3490 ea
755 3433 878 3491 tantum
905 3425 1110 3515 proponenda
1140 3447 1216 3491 cen-

136 3537 208 3595 seo,
236 3537 318 3603 quae
352 3514 393 3580 de
426 3449 623 3580 docharisna
651 3512 871 3580 'udieaverunt
923 3514 1031 3597 Quam
1061 3511 1216 3580 Catharos

135 3605 262 3670 omnino
285 3603 509 3692 repudiavisse,
530 3625 605 3668 eum
627 3537 666 3668 ab
690 3602 838 3668 omnibus
858 3604 922 3669 iere
950 3592 1116 3670 haereticis
1141 3605 1214 3693 reji-

135 3703 266 3774 ceretur,
285 3696 352 3783 jam
374 3714 431 3782 per
452 3714 488 3757 se
509 3691 767 3758 verisimillimum
789 3701 846 3773 est,
868 3702 900 3758 et
918 3693 1110 3772 testimoniis,
1132 3715 1216 3781 quae

136 3780 299 3848 ediderunt
320 3791 416 3848 testes
437 3778 682 3871 locupletissimi,
704 3790 807 3870 potest
828 3778 1014 3856 eorrfirmari.
1053 3781 1108 3848 Sic
1131 3781 1215 3846 enim

135 3868 249 3960 legitur
268 3871 302 3935 in
323 3870 478 3938 Heriberti
499 3869 645 3939 monachi
666 3867 822 3958 Epistola:
845 3870 1078 3950 „surrexerunt
1100 3871 1133 3934 in
1148 3869 1213 3934 Pe·

135 3959 337 4049 tragoricensi
358 3963 485 4054 regione
508 3983 604 4049 quam
626 3957 751 4049 plurimi
772 3957 935 4041 haeretici,
964 3960 1019 4049 qui
1046 3979 1081 4022 se
1109 3956 1216 4023 dicunt

137 4046 342 4138 apostolicam
360 4050 457 4115 vitam
478 4049 595 4118 ducere
610 4059 721 4115 eet-
736 4072 795 4127 -3
817 4049 976 4114 missam
998 4069 1067 4137 pro
1089 4045 1213 4112 nihilo

136 4137 300 4217 ducunt,
322 4159 427 4230 neque
449 4141 705 4206 communionem
735 4139 853 4228 percipi
875 4137 990 4204 debere
1013 4135 1134 4215 dicunt,
1156 4134 1214 4203 sed

136 4229 347 4316 fragmentum
411 4226 486 4293 nis“
530 4227 616 4294 Tum
637 4230 670 4294 in
698 4227 825 4295 decreto
854 4224 976 4294 concilii
1006 4221 1156 4291 Tolosani
1177 4224 1213 4308 A,

138 4318 226 4383 1119
246 4337 338 4408 ean..
378 4312 535 4405 ‚legitorz
569 4316 694 4397 „Porro
717 4340 788 4398 ees,
810 4317 865 4405 qui
892 4313 1051 4404 religionis
1071 4315 1212 4404 speeiem
