2714 4912
211 1931 301 2016 dam,
331 1935 474 2025 quaein
509 1945 648 2004 mentem
676 1937 777 2017 venit,
806 1935 941 2004 nominis
970 1933 1033 2003 Tur
1063 1933 1155 2025 quasi
1176 1931 1297 1998 viribus

211 2046 419 2132 firmaverim,
446 2072 551 2143 neque
573 2053 658 2120 enim
679 2054 723 2134 is,
751 2052 859 2144 quiin
880 2074 915 2119 se
934 2052 1004 2144 ipso
1026 2049 1175 2119 fiduciam
1195 2044 1296 2115 colio-

210 2175 270 2250 cet,
291 2158 552 2257 patroni'tutelae
574 2190 610 2234 se
632 2166 841 2236 commendat.

231 2326 233 2331 -
299 2281 371 2350 Trer
393 2286 517 2365 autem}
539 2283 700 2350 carissime
725 2284 907 2363 Gornssne,
937 2282 991 2371 qui
1021 2303 1053 2347 a·
1068 2280 1171 2369 prima
1193 2285 1297 2345 aetate

206 2396 298 2486 pueri
327 2397 468 2465 animum
496 2398 744 2480 conformaviati,
778 2408 825 2480 et,
855 2418 955 2489 quum
983 2394 1123 2464 discendi
1150 2391 1298 2484 cupidine

205 2520 334 2612 eaptus,
354 2505 522 2581 'doctrinae
550 2511 639 2604 plus,
672 2507 769 2604 quam
804 2511 946 2605 religioni
979 2511 1115 2579 tribuere
1148 2505 1297 2587 solerem,

203 2618 498 2720 hancejusque
519 2629 725 2696 scientiam
747 2628 860 2697 ceteris
881 2625 1051 2716 disciplinis
1073 2623 1219 2694 omnibus
1234 2642 1295 2689 an·

202 2736 416 2833 teponendam
439 2745 779 2834 accuratissimamque,
803 2765 899 2834 quam
922 2744 993 2847 quis
1014 2740 1071 2809 sibi
1086 2759 1294 2830 comparave-

202 2856 253 2938 rit,
275 2855 450 2925 doctrinam
471 2857 548 2927 nihil
569 2857 654 2926 aliud
676 2880 746 2926 esse
766 2859 826 2927 nisi
840 2859 925 2925 viam
938 2859 972 2925 in
987 2855 1122 2924 sublime
1135 2855 1296 2945 fastigium

200 2966 268 3038 Dei
290 2972 487 3041 scientiae
508 2973 527 3039 i.
551 2996 577 3041 e
602 2973 806 3058 Theologiae
828 2972 1032 3043 muniendam
1056 2970 1225 3051 ostendisti,
1249 3008 1294 3019 —

82 3121 87 3128 ·
201 3082 278 3155 Tmr
299 3087 395 3179 igitur
415 3085 478 3156 hoc
501 3087 692 3181 opusculum
715 3090 783 3179 ejus
806 3088 907 3170 studii,
930 3087 1133 3179 quodexeo
1149 3095 1295 3176 tempore

198 3200 448 3294 nihilumquarn
459 3204 650 3286 exstinxerit,
662 3204 815 3296 optimum
827 3227 898 3272 esse
909 3201 1005 3270 veiim
1016 3201 1293 3269 testimonium.-

165 3358 169 3383 r
199 3315 367 3409 Quidquid
388 3341 465 3385 vero
487 3319 520 3386 in
541 3317 612 3386 itta
633 3320 820 3410 cogitatione
843 3316 1044 3410 percipienda
1067 3339 1185 3408 operae
1200 3314 1292 3384 labo·

193 3435 312 3526 risque
325 3434 573 3516 'consumserim
593 3433 744 3526 quidquid
766 3432 944 3526 diligentiae
970 3429 1176 3515 adhibuerim,
1199 3431 1292 3522 quid-

192 3549 281 3644 quid
297 3549 480 3633 studuerim,
496 3548 648 3641 quidquid
665 3549 896 3633 contenderim,
906 3549 1060 3640 quidquid
1073 3547 1294 3630 laboraverim,

159 3643 166 3660 ⁹
188 3673 275 3766 ejus
292 3672 421 3735 omnem
439 3667 575 3733 fructum
591 3674 738 3735 nontam
755 3665 840 3746 mihi,
863 3675 970 3755 quam,
988 3666 1043 3754 qui
1060 3665 1151 3756 priori
1170 3663 1293 3730 semina

179 3783 356 3876 jocantis,
377 3783 539 3850 communi
552 3781 770 3874 praeceptori,
792 3779 964 3848 clarissimo
986 3779 1238 3859 Marrasion,
1259 3789 1292 3846 et

180 3901 278 3987 Tm
299 3925 353 3972 me
375 3898 490 3970 debere
513 3897 667 3991 profiteor.
688 3935 732 3963 2-
864 3892 867 3899 ’

295 4018 422 4090 Dabam
443 4013 581 4088 Berolini
611 4020 692 4088 ante
712 4012 794 4096 diem
812 4020 970 4103 quartum
999 4006 1071 4080 idus
1101 4008 1288 4080 Februarias

174 4145 228 4226 Α,
258 4132 490 4213 -MDcccxu
