2714 4912
651 297 869 366 ..24-

228 438 333 525 animi·
348 455 500 525 desiderio
515 445 659 560 'pendere
680 453 823 535 credidit;
852 477 915 546 qua
942 454 983 522 de
999 475 1102 523 causa
1122 456 1291 525 materiam

228 548 318 640 panis
327 570 350 612 a
364 549 593 614 consecratione
607 543 784 624 verborum,
796 550 959 611 extemum
973 566 1089 634 corpus
1101 567 1120 610 a
1134 547 1239 634 typico
1257 557 1294 614 et

215 659 244 716 ¹s
299 633 398 702 bolico
419 632 581 725 diligenter
600 633 745 715 secreuit,
769 634 813 699 ita
835 642 870 698 ut
881 634 951 722 ejus
968 634 1126 722 propriam
1143 635 1294 702 virtutem

152 726 157 750 '
258 720 438 804 ληθιγήν
460 729 612 804 βρῶσιν
632 727 704 784 τοῦ
725 712 857 803 λόγου
880 744 952 787 esse
965 721 1155 813 judicarctss)
1182 723 1294 825 Aquo

230 813 356 902 qrridem
366 813 506 878 Justinus
520 819 638 900 martyr
651 809 841 900 discrepatlt
864 811 917 900 qui
932 811 1047 877 nonde
1062 812 1150 900 panis
1168 821 1200 877 ct
1217 814 1294 893 vuri,

207 890 286 967 'sed
308 901 346 966 de
366 900 524 966 humanae
544 909 672 966 naturae
694 899 876 979 mutatione,
904 921 961 990 per
981 899 1153 980 „incarnati
1176 898 1294 968 Christi

230 988 408 1056 alimoniam
430 987 636 1073 efficiendas)
658 985 801 1077 loquitur.
840 987 940 1077 Cujus
961 981 1118 1058 involutae
1140 988 1295 1079 opinionis

229 1079 387 1145 notionem
408 1100 471 1144 non
494 1077 618 1143 omnino
641 1077 759 1166 aperire
781 1098 958 1167 possumus.
1000 1078 1218 1145 Certissimum
1234 1101 1294 1145 au-

230 1174 295 1233 tem
317 1177 374 1249 est,
394 1167 574 1234 societatem
596 1164 754 1257 quandam
774 1171 836 1227 rost
857 1156 964 1247 λόγου
986 1189 1060 1234 cunr
1079 1165 1296 1236 Eucharistiae

109 1335 118 1350 Ι
230 1255 394 1360 speciebus
417 1254 455 1359 ab
478 1279 516 1321 eo
535 1253 706 1358 probatam,
728 1276 824 1344 quam
842 1255 1025 1320 sententiam
1042 1278 1173 1344 graecae
1191 1256 1293 1324 ecele-

232 1366 296 1410 srae
317 1343 457 1411 nonnullr
485 1353 650 1435 scriptores
677 1341 750 1408 inde
777 1342 994 1433 repetiverunt
1037 1344 1158 1409 Justino
1185 1355 1295 1413 autem

172 1461 176 1467 ·
230 1433 263 1498 in
283 1434 466 1499 universum
487 1455 598 1499 omnes
617 1432 766 1498 inferioris
789 1432 896 1501 aetatis
923 1440 1027 1520 patres
1055 1433 1295 1517 eonsentientes,

232 1543 307 1586 cum
329 1522 368 1587 de
390 1513 561 1604 ὁμοουσίᾳ
588 1522 653 1587 sive
680 1518 720 1586 de
747 1522 866 1587 intema
894 1517 946 1586 filii
974 1530 1048 1586 cuin
1070 1531 1157 1610 patre
1178 1524 1295 1590 unione

230 1607 421 1690 dimicarent,
443 1608 527 1699 quod
549 1632 620 1675 cam
642 1608 735 1675 etiam
755 1609 828 1675 inde
844 1608 976 1699 probare
992 1608 1185 1691 studuerunt,
1208 1612 1294 1701 quod

230 1697 263 1765 irr
284 1697 477 1765 Eucharistia
496 1696 560 1763 Dei
579 1697 658 1763 fihus
681 1721 715 1764 se
736 1697 898 1764 nobiscum
925 1700 1184 1780 communicaret,
1213 1724 1292 1790 que·

230 1785 435 1867 madmodum
457 1784 537 1852 filius
557 1787 589 1852 in
612 1786 766 1852 divinitate
789 1808 863 1853 cum
884 1795 971 1876 patre
995 1789 1179 1876 conjunctus
1201 1799 1294 1873 esset,

166 1900 169 1905 ·
228 1870 294 1943 non
314 1885 379 1941 tam
395 1878 427 1943 in
443 1873 676 1941 substantialem
692 1875 907 1965 praesentiam,
930 1897 1027 1963 quarn
1040 1877 1072 1942 in
1089 1883 1197 1942 veram
1213 1901 1308 1975 con·⁴

229 1964 406 2030 versionem
438 1964 559 2031 animos
590 1962 803 2049 inclinasse,¹¹)
843 1961 1101 2030 verisimillimum
1134 1975 1188 2031 est
1239 1967 1310 2034 sic·

231 2049 484 2140 chrysostomus,
504 2051 654 2134 Hilarius,
674 2052 854 2120 Ambrosius
875 2062 1046 2119 senserunt
1089 2053 1291 2130 Potissimum

229 2162 306 2207 vero
329 2143 447 2208 eorum
460 2141 587 2232 primus,
610 2165 683 2209 curn
705 2140 745 2207 de
761 2141 974 2208 Eucharistiae
989 2152 1099 2208 natura
1115 2166 1203 2210 more
1221 2167 1290 2210 ora-

191 2300 194 2310 ,
230 2237 333 2296 torum
361 2229 456 2322 paulo
484 2230 728 2322 magnificentius
754 2227 948 2320 loqueretur,
976 2229 1016 2296 ad
1038 2233 1105 2296 e'us
1127 2231 1283 2307 doctrinae

231 2340 327 2408 quam
355 2329 463 2410 postea
499 2320 630 2385 ecclesia
658 2315 810 2385 catholica
838 2320 952 2402 sanxit,
984 2255 1215 2387 similitudinem
1241 2284 1292 2389 vel

229 2408 371 2497 proxime
393 2409 530 2488 accessit,
554 2430 617 2511 qua
639 2406 678 2473 de
690 2429 797 2490 ,eausa
818 2404 968 2498 plurimas
982 2407 1063 2473 ilhus
1081 2410 1235 2478 orationes
1253 2411 1292 2478 ad

230 2493 408 2562 mortalium
430 2497 550 2562 animos
570 2520 603 2563 rrr
624 2498 801 2587 posterioris
823 2498 930 2562 aetatis
949 2498 1291 2582 transsubstantiationis

230 2595 444 2651 commentum
472 2586 562 2674 quasi
588 2584 818 2677 praeparandos
839 2594 877 2652 et
904 2587 1137 2681 componendos
1164 2589 1292 2656 maximi

230 2672 380 2740 momenti
399 2676 496 2740 sursse
518 2674 653 2742 arbitror.
689 2673 834 2758 Quorum
855 2673 1018 2740 hominum
1041 2676 1205 2781 auctoritas
1229 2700 1291 2768 quo
1339 2684 1347 2755 ζ

231 2759 302 2851 plus
323 2760 421 2830 valuit
435 2762 525 2854 ,apud
548 2774 681 2918 0leng
703 2787 860 2853 quosque,
889 2785 927 2828 eo
949 2761 1068 2829 facilius
1090 2763 1198 2919 popula
1219 2791 1290 2857 ger-

218 2852 325 2940 mani,¹
341 2853 407 2940 jam
429 2876 485 2942 per
503 2875 537 2917 se
554 2854 594 2919 ad
632 2854 768 2918 otionem
785 2850 934 2941 symbolis
951 2852 1126 2919 conlunden
1149 2877 1201 2920 arn
1218 2879 1291 2946 pro-

140 3007 141 3010 ,
230 2939 328 3029 pensi,
349 2941 378 3005 ei
400 2939 556 3007 doctrinae
576 2943 681 3006 favere
710 2937 894 3031 coeperunt,
923 2942 975 3007 cui
996 2951 1105 3032 postea
1131 2943 1290 3010 transsub-

230 3028 429 3093 stantiationis
449 3051 564 3095 nomen
590 3030 770 3119 impositum
793 3040 847 3096 est
893 3030 1040 3098 Germani
1066 3031 1150 3097 enim
1178 3055 1292 3099 cuma

231 3112 317 3181 cultu
340 3125 371 3183 et
391 3115 582 3183 humanitate
606 3117 731 3207 quidem
754 3119 907 3199 abessent,
936 3116 1052 3184 dociles
1074 3142 1149 3186 vero
1169 3121 1316 3213 inveni--

230 3214 338 3270 rentur
358 3204 498 3297 religioni
516 3203 709 3273 Christianae
729 3205 960 3297 intelligendae:
984 3245 1028 3256 -
1050 3210 1199 3298 quoniam
1215 3209 1306 3277 sub-·

105 3327 108 3333 ·
230 3291 401 3360 stantialem
424 3319 460 3362 co
499 3296 560 3361 oris
582 3294 698 3361 dorrrini
718 3297 924 3386 praesentiam
950 3295 1036 3363 nullo
1064 3296 1159 3364 modo
1185 3301 1293 3392 negari

230 3402 324 3536 posse
345 3393 429 3450 recte
441 3320 628 3474 jrilicabant,
648 3407 757 3450 veram
773 3386 1010 3452 conversionem
1025 3387 1201 3476 specierum
1218 3413 1291 3480 pro·

252 3493 305 3537 are
331 3470 501 3553 malebant,
537 3478 632 3563 quam
660 3475 867 3563 praesentiam
896 3474 1053 3564 quandam
1080 3475 1292 3564 symbolicam.

229 3555 336 3649 ltaque
355 3562 421 3649 jam
436 3561 560 3646 Bedaffi)
582 3561 737 3629 nonnullis
758 3561 835 3630 locis
858 3565 915 3629 etsi
935 3586 999 3630 non
1020 3564 1094 3630 satis
1114 3560 1293 3634 luculentur

158 3718 168 3726 ‚
230 3644 343 3738 docuit,
364 3659 468 3716 tamen
490 3673 560 3716 eam
581 3652 623 3716 ita
645 3650 831 3742 significasse
847 3650 978 3732 videtur,
999 3662 1034 3718 ut
1051 3654 1208 3743 propriam
1226 3655 1291 3722 ele·

229 3747 405 3803 mentorum
426 3741 629 3811 mutationem
651 3735 682 3805 'et
703 3764 776 3806 cunr
798 3763 928 3831 corpore
951 3751 982 3806 et
1002 3742 1153 3829 sanguine
1175 3741 1293 3812 domini

229 3826 356 3892 minime
382 3825 561 3895 infitiaretur
592 3830 847 3918 conjunctionem.
890 3827 1036 3896 Similiter
1063 3830 1198 3897 sensisse
1227 3835 1291 3900 Ga-

228 3912 332 3981 rolum
353 3919 532 4007 magnuml)
555 3927 585 3983 et
598 3915 792 4002 Alcuinum1)
814 3941 855 3986 ex
873 3917 965 3996 libris,
988 3917 1041 4005 qui
1057 3914 1209 4000 dicuntur,
1225 3921 1298 3988 Ca*

227 4001 333 4071 rolinis
355 4015 447 4070 etex
468 4009 566 4072 utrius
588 4028 629 4070 ue
652 4005 788 4097 epistolis
809 4006 956 4095 cognosci
976 4014 1094 4094 potest,
1124 4047 1166 4057 —
1194 4031 1292 4096 quam

230 4090 270 4156 ob
297 4117 365 4159 rcnr
399 4094 438 4160 de
465 4029 620 4161 miracrilis
647 4095 679 4159 in
706 4092 909 4160 Euchartsria
926 4094 1057 4161 fruenda
1085 4096 1171 4164 editis
1204 4097 1291 4187 quod

228 4179 383 4248 interdum
404 4183 492 4251 nobis
515 4191 784 4261 commemoratur,
811 4182 938 4248 minime
960 4184 1075 4251 mirum
1097 4207 1166 4252 esse
1189 4184 1289 4255 debet

225 4267 282 4337 Sic
303 4270 397 4377 etiam
416 4272 462 4343 in.
477 4268 673 4352 orationibus,
695 4270 784 4363 quae
794 4293 832 4341 ea
846 4279 945 4343 aetate
961 4272 994 4346 in
1009 4271 1287 4352 missis-celebran-
