2714 4912
508 337 728 406 ...45-

75 502 183 570 he'rtus
204 511 348 592 magnus,
371 494 513 569 Thomas
528 496 707 587 Aquinas,¹·)
730 494 901 565 accidentia
922 494 989 564 sola
1009 496 1073 566 Dei
1089 519 1153 589 po-

75 601 197 672 testate,
220 613 303 680 quae
323 589 589 681 prima-omnium
611 605 718 652 rerum
740 609 836 652 eausa
858 596 954 667 esset,
975 589 1049 674 {sine
1076 588 1152 655 suh-

72 682 157 772 jeeto
181 677 299 762 adesse,
321 700 426 767 neque
449 675 623 764 quidquam
645 673 738 754 aliud,
759 677 819 740 nisi
836 677 971 741 formam
991 686 1154 745 externam

74 769 177 861 frangi
192 766 354 834 duxerunt.
382 762 541 848 „Quidam
555 771 757 854 posuerunt,“
770 764 870 852 inquit
882 763 1033 846 Thomas,
1047 765 1153 855 „quod

75 860 158 926 tacta
180 858 413 925 consecratione
441 874 505 918 non
532 851 635 918 solum
662 862 828 919 remanent
856 853 1026 921 accidentia
1053 857 1154 943 panis,

75 945 132 1014 sed
154 946 247 1012 etiam
269 948 371 1013 forma
393 940 601 1008 substantialis
616 943 704 1031 panis
718 949 903 1021 remaneret,
924 941 1000 1008 nihil
1016 941 1056 1010 de
1070 967 1154 1034 pane

73 1044 308 1102 converteretur
327 1033 361 1098 in
383 1053 496 1122 corpus
520 1029 635 1097 Christi
656 1031 715 1096 nisi
737 1028 806 1096 sola
826 1031 970 1095 materia:
993 1039 1024 1098 et
1042 1035 1084 1098 ita
1099 1057 1151 1101 se-

74 1134 233 1215 queretur,
256 1120 341 1210 quod
360 1143 426 1187 non
448 1130 681 1187 converteretur
705 1120 738 1185 in
760 1141 875 1209 eorpus
899 1118 1014 1185 Christi
1041 1131 1153 1205 totum,

75 1211 186 1280 sedin
209 1213 279 1302 ejus
307 1210 485 1290 materiam,
513 1207 601 1299 quod·
626 1217 781 1299 repugnat
808 1211 929 1274 formae
957 1213 1153 1294 sacramenti,

75 1324 141 1391 qua
162 1300 280 1379 dicitur,
300 1297 361 1365 hoc
385 1307 433 1365 est
453 1320 570 1388 corpus
592 1320 709 1365 meum.
743 1296 891 1364 Secundo
913 1298 987 1386 quia
1007 1299 1033 1365 si
1050 1301 1153 1366 forma

76 1387 285 1455 substantialis
312 1396 502 1467 remaneret,
535 1397 590 1453 aut
615 1396 792 1453 remaneret
817 1388 851 1452 in
878 1387 1022 1468 materia,
1052 1399 1107 1455 aut
1132 1411 1154 1456 a

74 1479 204 1544 materia
225 1485 375 1566 separata.
415 1476 560 1541 Primum
582 1485 688 1541 autern
710 1498 866 1541 essenon
888 1486 1006 1564 potest3
1028 1478 1102 1565 quia
1125 1477 1153 1544 si

72 1563 254 1633 remaneret
267 1568 300 1631 in
322 1567 453 1631 materia
473 1565 577 1654 panis,
604 1574 674 1629 turn
694 1573 760 1629 tota
786 1563 957 1660 substantia
984 1567 1073 1655 panis
1086 1589 1150 1633 ,10-

73 1663 223 1735 maneret,
246 1651 332 1743 quod
354 1663 401 1720 est
422 1663 531 1719 contra
553 1652 718 1743 praedicta.
755 1650 791 1718 ln
814 1650 875 1718 alio
895 1662 1002 1719 autem
1021 1656 1152 1720 materia

71 1766 236 1810 remanere
256 1766 322 1809 non
343 1752 459 1833 posset,
482 1743 555 1832 quia
577 1743 702 1833 propria
723 1743 824 1809 forma
851 1763 916 1807 non
945 1751 1006 1821 est,
1033 1744 1093 1808 nisi
1117 1743 1152 1810 in

72 1833 199 1937 propria
214 1834 359 1918 'materia
403 1833 439 1898 Si
462 1842 568 1897 autern
589 1840 766 1898 remaneret
791 1831 825 1896 in
846 1831 977 1897 materia
998 1841 1153 1920 separata,

69 1944 138 2014 Jam
160 1931 243 1987 esset
262 1923 364 1987 lenna
382 1919 479 1985 intelli
502 1943 567 2001 ens,
588 1943 664 1986 nam
686 1940 797 1986 omnes
824 1920 945 1986 formae
974 1942 993 1986 a
1020 1921 1152 1987 materia
1200 1984 1203 1988 ,

72 2019 235 2101 separatae
250 2017 332 2074 sunt
351 2006 438 2072 tales.
481 1944 590 2074 ε101110
613 2018 698 2074 esset
711 2009 935 2074 inconveniens
951 2006 1026 2074 huic
1043 2032 1150 2077 sacra-

71 2104 188 2166 mento.
221 2097 308 2163 Nam
331 2095 502 2163 accidentia
523 2098 612 2186 panis
630 2099 664 2162 in
684 2096 746 2162 hoe
766 2108 964 2162 sacramento
977 2107 1152 2180 remanent,

71 2197 108 2255 ut
128 2187 188 2253 sub
210 2188 256 2254 eis
278 2185 423 2252 videatur·
442 2208 557 2274 corpus
580 2183 704 2266 Christi,
726 2207 791 2250 non
814 2193 921 2250 autem
943 2184 1003 2249 sub
1024 2189 1152 2275 propria

73 2278 186 2368 specie.
230 2275 272 2341 Et
292 2274 324 2341 id
346 2298 385 2341 eo
414 2273 580 2341 dicendum
608 2285 670 2356 est,
699 2271 784 2363 quod
810 2274 912 2338 forma
940 2272 1152 2341 substantialis

71 2366 160 2459 'panis
182 2365 247 2432 non
267 2372 438 2430 remanet“
481 2363 712 2453 ‚,Relinquitur,
735 2361 821 2452 quod
841 2359 1012 2428 accidentia
1032 2364 1065 2429 in
1087 2362 1150 2431 hoc

71 2463 268 2521 sacramento
293 2463 421 2520 manent
438 2454 509 2519 sine
532 2453 681 2542 subjecto,
704 2451 791 2540 quod
817 2449 945 2538 quidem
966 2453 1079 2518 virtute
1101 2452 1149 2520 di-

70 2545 144 2611 tina
167 2541 234 2608 lieri
259 2552 369 2632 potest
414 2541 499 2608 Cum
527 2543 611 2609 enirn
639 2544 742 2632 magis
771 2541 901 2606 effectus
928 2537 1103 2630 dependeat
1130 2565 1151 2610 a
1239 2568 1242 2575 ·

71 2648 168 2699 eausa
189 2633 300 2720 prima,
322 2653 419 2720 quarn
442 2653 461 2695 a
484 2630 638 2696 secunda:
666 2629 768 2709 Deus,
791 2630 846 2716 qui
868 2638 915 2694 est
936 2632 1038 2716 prima
1052 2653 1151 2696 causa

71 2716 262 2788 substantiae
285 2730 316 2785 et
332 2717 499 2786 accidentis
514 2741 571 2806 per
589 2740 680 2783 suam
689 2716 841 2783 infinitam
856 2717 1003 2783 virtutem
1020 2739 1149 2785 conser-

70 2832 147 2876 vare
163 2818 266 2898 potest
277 2810 311 2873 in
329 2831 400 2874 esse
421 2806 574 2888 accidens,
599 2806 757 2876 subtracta
774 2804 955 2886 substantia,
976 2829 1150 2897 perquam

71 2896 317 2970 conservabatur
325 2897 357 2962 in
369 2919 448 2979 esse,
466 2898 545 2963 sicut
554 2904 612 2984 pet
620 2898 779 2987 propriam
795 2903 954 2961 causam.“
963 2933 1007 2944 —-
1017 2895 1151 2965 Praeter

71 3009 128 3054 eos
150 3009 237 3067 vero,
259 2983 298 3051 de
321 2985 435 3074 quibus
455 2986 710 3072 Beneventum)
731 2983 833 3065 refert,
860 3022 906 3035 -
928 2985 983 3074 qui
1004 3007 1148 3053 comme-

71 3085 240 3156 morentur,
260 3075 459 3162 potissimum
470 3072 632 3141 lohannes
646 3075 830 3142 Parisiensis
845 3083 876 3140 et
891 3071 1147 3140 (1011010101,Οο-

71 3166 228 3231 comensis
250 3163 336 3255 digni
357 3173 437 3230 sunt.
478 3162 550 3245 llle,
580 3165 634 3254 qui
655 3162 945 3232 determinationem
965 3163 1088 3250 scripsit
1108 3161 1150 3231 de

71 3251 166 3319 modo
189 3251 356 3319 exsistendi
377 3275 494 3342 corpus
507 3252 633 3320 Christi
657 3255 690 3320 in
718 3260 914 3320 sacramento
943 3248 1048 3316 altaris
1065 3249 1150 3332 ¹alio,

71 3365 168 3432 quarn
191 3351 275 3407 esset
293 3340 354 3423 ille,
377 3365 473 3431 quem
494 3352 612 3409 teneret
630 3341 771 3421 ecclesia,
794 3338 916 3406 etiamsi
929 3336 981 3405 ille
1000 3338 1148 3428 repudia,-

70 3441 164 3512 retur,
186 3440 292 3496 tamen
313 3452 423 3495 veram
446 3439 477 3496 et
496 3429 615 3496 realem
636 3431 848 3496 exsistentiam
869 3429 1011 3515 corporis
1033 3426 1150 3495 Christi

70 3520 188 3586 servari
208 3516 330 3597 docuit3
348 3555 393 3567 -
412 3527 443 3584 et
457 3520 610 3607 quamvis,
630 3520 656 3584 si
672 3517 896 3597 ostenderetur,
918 3538 993 3582 eum
1007 3515 1150 3600 modum,

71 3631 168 3698 quem
189 3605 241 3673 illa
265 3607 407 3688 traderet,
429 3616 484 3672 aut
504 3629 562 3696 per
581 3630 708 3674 sacrum
723 3628 889 3686 canonem,
911 3615 966 3671 aut
979 3625 1037 3693 per
1050 3630 1149 3696 gene-

69 3695 135 3762 rale
158 3694 334 3778 concilium,
357 3705 412 3762 aut
431 3718 489 3785 per
509 3689 711 3786 papam'esse
725 3694 975 3784 determinatum,
995 3717 1149 3763 revocare

70 3806 105 3850 se
123 3795 267 3872 paratum
289 3808 360 3851 esse
382 3782 551 3866 simularet,
572 3783 668 3852 nihilo
690 3795 794 3851 tamen
817 3784 932 3864 minus,
954 3794 1149 3873 quantopere

69 3871 110 3940 de
131 3893 220 3939 sacra
241 3897 340 3941 coena
361 3897 380 3940 a
395 3871 535 3940 doctrina
548 3873 760 3942 ecclesiastica
774 3872 956 3952 dissentiret,
971 3871 1148 3940 declaravit

70 3961 285 4030 Substantiam
295 3965 379 4030 enim
390 3965 480 4053 panis
495 3984 624 4030 manere
638 3963 698 4029 sub
713 3961 925 4030 accidentibus
936 3962 1001 4027 suis
1016 3961 1148 4049 putavit,

69 4073 134 4118 non
155 4051 188 4117 in
210 4052 337 4140 proprio
348 4053 521 4142 supposito,
543 4051 598 4119 sed
615 4061 747 4119 tractam
762 4052 803 4119 ad
814 4074 885 4118 esse
900 4060 933 4116 et
947 4050 1148 4136 suppositum

68 4139 196 4219 Christi,
217 4148 253 4204 ut
274 4139 319 4204 sic
341 4151 424 4207 esset
443 4165 545 4208 unum
567 4143 767 4231 suppositum
787 4143 821 4208 in
842 4138 964 4205 duabus
982 4136 1148 4225 naturis:¹)

69 4228 89 4294 i.
104 4252 130 4294 0.
152 4226 340 4295 substantias
362 4229 540 4317 corporales
560 4235 649 4318 panis
671 4242 704 4300 et
717 4229 857 4321 corporis
873 4225 987 4293 Christi
1001 4226 1034 4292 in
1046 4249 1147 4295 unam

68 4315 275 4389 substernitur
296 4313 474 4387 sudescere
493 4321 527 4389 ia
540 4319 725 4392 idiomatum
739 4314 1033 4399 communicatione,
1048 4337 1146 4409 quam
