2714 4912
560 327 781 396 ‚54...

95 556 97 560 ,
133 491 202 581 guis
219 511 348 557 manare
366 489 468 578 coepit
484 495 621 553 ettotam
633 507 781 576 mappam
794 488 888 554 tinxit.
913 487 986 572 Quo
998 488 1151 557 miracrdo
1165 499 1216 556 at-

134 581 257 661 tonitus,
275 578 420 645 Urbanus
431 576 483 644 lV.
494 575 526 641 id
543 573 706 666 corporale
723 578 860 663 primum
880 577 920 643 ad
933 601 967 643 se
981 577 1019 643 ab
1031 576 1118 644 urbis
1130 580 1217 669 epis-

134 692 215 759 copo
227 670 258 734 in
268 666 387 733 Urbem
393 666 543 733 Veterem
553 664 711 731 transferri
721 675 753 731 et
764 664 956 732 solemnitate
966 668 1104 733 instituta
1114 670 1147 734 in
1161 692 1216 736 ec-

134 757 230 824 clesia
240 756 325 824 Urbe
335 755 459 822 Vetana
476 752 603 822 recondi
616 754 716 843 jussit,
732 757 816 820 utin
834 777 872 821 ea
891 778 1004 844 corpus
1017 756 1134 822 Christi
1144 781 1217 823 ma-

137 849 202 913 ’ore
214 845 333 912 honore
347 845 509 924 coleretur,
531 866 628 933 quam
642 843 675 908 in
690 842 875 933 quotidianis
886 846 992 909 missis
1013 843 1220 912 solemnibus.

133 871 244 1026 ltaque
266 933 352 1002 hunc
371 935 405 1001 in
418 933 551 1000 modum
573 931 657 998 diem
678 933 792 997 festum
816 931 1039 1000 celebrandum
1062 933 1216 1014 decrevit:

226 1023 359 1109 „Licct⁰)
393 1023 454 1089 hoc
489 1018 672 1088 memoriale
706 1031 938 1088 sacramentum
967 1023 998 1089 in
1030 1024 1220 1112 quotidianis

138 1113 306 1194 missarum
328 1111 486 1194 solemniis
508 1114 728 1200 frequentetur,
750 1112 939 1178 couveniens
963 1122 1070 1178 tamen
1086 1113 1218 1179 arbitra-

138 1225 219 1283 mur,
242 1211 272 1268 et
293 1201 432 1293 dignum,
454 1211 489 1268 ut
510 1200 550 1267 de
571 1202 639 1291 ipso
664 1197 764 1266 semel
785 1197 896 1266 saltem
913 1200 946 1266 in
967 1223 1060 1280 anno,
1082 1201 1123 1267 ad
1138 1225 1218 1269 eon·

137 1290 328 1358 fundendam
349 1289 524 1381 specialiter
549 1288 777 1355 haerctioomm
806 1287 968 1378 perfidiam
997 1299 1028 1356 et
1054 1291 1221 1373 insaniam,

141 1381 293 1447 memoria
315 1377 485 1446 solemnior
507 1389 537 1446 et
559 1377 710 1446 celebrior
731 1376 890 1445 habeatur.
933 1374 969 1444 ln
999 1378 1049 1446 die
1078 1401 1221 1471 namque

140 1490 260 1534 coenae
280 1467 406 1550 domini,
429 1492 493 1559 quo
515 1467 565 1534 die
585 1467 729 1534 Christus
750 1465 812 1534 hoc
830 1478 1063 1542 sacramentum
1079 1468 1222 1550 instituit,

141 1557 325 1624 universalis
354 1554 488 1625 eeclesia
522 1580 579 1648 pro
608 1557 833 1646 poenitentium
860 1555 1109 1624 reconciliatione
1136 1560 1222 1625 sacri

142 1647 336 1713 confectione
357 1647 531 1713 chrismatis
554 1643 773 1735 adimpletione
795 1646 998 1711 mandati-
1021 1648 1102 1713 circa
1123 1645 1220 1714 lotio-

142 1745 217 1801 nem
238 1735 357 1824 pedum
380 1747 412 1802 et
433 1734 499 1801 aliis
522 1733 811 1824 quamplurimum
841 1743 1007 1822 occupata,
1025 1734 1129 1825 plane
1159 1759 1220 1802 va·

142 1847 214 1890 care
235 1848 300 1891 non
320 1835 423 1914 potest
442 1823 641 1891 celebrationi
660 1815 905 1912 hujus‘rnaximi
919 1825 1112 1891 sacramenti.
1145 1824 1222 1892 Hoc

143 1914 228 1978 enim
255 1916 339 1980 circa
366 1924 506 1994 sanctos,
539 1934 619 2001 quos
653 1934 710 2002 per
739 1914 812 1978 anni
839 1910 992 1979 circulum
1019 1936 1221 1996 veneramur,

141 2002 210 2090 ipsa
231 2000 365 2068 eeclesia
385 2001 539 2082 observat,
561 2010 597 2068 ut
618 2001 763 2091 quamvis
788 2002 821 2067 in
848 1999 959 2068 litaniis
994 2012 1025 2069 et
1053 2003 1158 2086 missis
1188 2013 1220 2070 et

144 2090 211 2155 aliis
237 2091 380 2182 ipsorum
408 2092 594 2159 memoriam
622 2113 717 2182 saepe
745 2112 949 2156 renovemus:
984 2089 1079 2157 nihilo
1108 2100 1221 2158 tamen

144 2179 249 2245 minus
267 2182 409 2271 ipsorum
430 2179 567 2248 natalitia
589 2181 679 2245 certis
702 2203 758 2268 per
780 2202 898 2244 annum
926 2178 1036 2246 dicbus
1060 2178 1221 2247 solemniis

144 2266 325 2350 recobmus,
346 2272 425 2337 festa
446 2279 573 2360 propter
594 2267 655 2335 hoc
680 2268 792 2333 iisdem
820 2267 930 2334 diebus
959 2267 1107 2358 specialia
1133 2268 1218 2336 cele-

144 2355 272 2424 brando.
317 2357 359 2424 Et
380 2362 461 2449 quia·
475 2361 507 2424 in
529 2357 577 2422 his
603 2359 687 2428 festis
715 2357 798 2422 circa
824 2356 1052 2423 solemnitatem
1079 2357 1220 2425 debitum

144 2443 271 2533 ahquod
298 2470 355 2536 per
383 2447 604 2538 negligentiam
640 2455 672 2511 ct
704 2446 750 2511 rei
776 2444 934 2511 familiaris
970 2449 1219 2536 occupationem,

146 2543 201 2599 aut
222 2532 299 2601 alias
322 2558 363 2602 ex
384 2536 525 2604 humana
546 2533 709 2625 frag'litate
739 2536 904 2615 omittitur,
932 2537 1037 2600 statuit
1058 2538 1127 2626 ipsa
1149 2559 1218 2602 maa

145 2631 193 2688 ter
226 2621 360 2692 ecclesia
392 2636 514 2718 certum
547 2624 646 2703 diem,
685 2625 718 2690 in
758 2647 820 2714 quo
860 2623 1044 2714 generahter
1077 2627 1219 2692 omnium

146 2722 327 2780 sanctorum
348 2716 603 2783 commemoratio
625 2711 728 2794 fieret,
755 2723 790 2779 ut
816 2714 849 2778 in
877 2711 937 2779 hac
964 2715 1107 2802 ipsorum
1129 2738 1218 2781 com-

144 2803 235 2867 muni
255 2802 474 2884 celebratione,
502 2801 652 2893 quidquid
672 2803 705 2866 in
727 2803 859 2892 propriis
880 2803 1023 2891 ipsorum
1045 2804 1217 2869 festivitati-

145 2888 205 2954 bus
227 2893 380 2958 omissum
402 2895 573 2974 exsisteret,
600 2889 780 2957 solveretur.
824 2891 989 2957 Potissime
1010 2893 1104 2982 igitur
1125 2915 1218 2958 exse·

147 2978 309 3066 quendum
331 2989 379 3045 est
399 2972 475 3072 e'rga
497 2981 558 3048 hoc
579 2979 750 3045 vivificum,
767 2990 998 3046 sacramentum
1027 2983 1166 3069 corporis
1189 2990 1221 3047 et

52 3141 54 3146 ¹
146 3069 307 3157 sanguinis
330 3070 358 3136 J.
381 3070 417 3137 C.
441 3072 495 3159 qui
523 3080 571 3136 est
597 3078 777 3134 sanctorum
806 3071 947 3134 omnium
976 3066 1074 3159 gloria
1104 3080 1135 3136 et
1164 3093 1218 3137 co·

146 3179 233 3237 rona,
251 3168 290 3224 ut
310 3160 474 3225 festivitate
496 3168 527 3224 et
548 3157 725 3225 celebritate
753 3155 947 3247 praefulgeat
974 3157 1109 3247 speciali,
1139 3181 1219 3248 qua·

145 3253 238 3310 tenus
258 3247 291 3312 in
314 3271 362 3330 eo,
385 3246 470 3338 quod
490 3248 523 3313 in
545 3245 613 3311 aliis
633 3246 801 3310 missarum
825 3244 931 3312 officiis
960 3246 1043 3312 cirea
1070 3245 1219 3314 solemni-

147 3341 244 3400 tatem
265 3345 314 3401 est
334 3339 462 3405 forsitan
484 3335 748 3425 praetermissum,
771 3333 884 3401 devota
906 3333 1064 3427 diligentia
1090 3335 1219 3427 supple-

147 3432 231 3489 atur:
261 3433 292 3490 et
313 3423 421 3492 fideles
442 3427 605 3492 festivitate
632 3425 700 3510 ipsa
726 3424 860 3490 instante
887 3425 966 3491 intra
994 3449 1028 3491 se
1056 3428 1221 3514 praeterita

146 3526 367 3596 memorantes,
388 3514 420 3580 id
442 3512 527 3604 quod
548 3516 580 3580 in
601 3513 676 3602 ipsis
697 3514 864 3579 missarum
891 3512 1104 3596 solemnibus,
1126 3538 1219 3583 secu-

146 3597 264 3666 laribus
289 3605 394 3670 forsan
421 3603 550 3694 agendis
575 3600 731 3692 impliciti,
766 3612 820 3668 aut
848 3599 925 3668 alias
954 3624 994 3668 ex
1021 3601 1221 3693 negligentia,

147 3686 199 3754 vel
219 3690 382 3780 fragihtate
403 3691 542 3758 humana
564 3693 669 3756 minus
691 3688 783 3779 plene
806 3701 979 3780 gesserunt,
1007 3700 1083 3758 tunc
1104 3701 1220 3760 attente

146 3779 178 3844 in
205 3776 377 3848 humilitate
406 3783 531 3873 spiritus
559 3789 590 3846 et
616 3781 711 3847 ardmi
739 3781 873 3869 puritate
900 3789 1080 3847 restaurent.
1124 3779 1219 3848 Intel-

146 3865 281 3934 leximus
302 3879 408 3935 autem
432 3869 536 3952 olim,
567 3868 655 3934 dum
681 3871 720 3935 in
748 3870 895 3935 minore
923 3890 1098 3935 essemus
1127 3873 1220 3937 offi-

147 3959 207 4023 eio
231 3960 455 4040 constituti,
478 3958 564 4049 quod
584 3960 686 4024 fuerat
700 3956 887 4046 quibusdam
903 3955 1063 4023 cathohcis
1086 3960 1219 4042 (immo

147 4043 396 4114 mulierculis
418 4047 511 4114 mihi
531 4044 785 4113 familiariter
806 4045 928 4129 notis)
959 4045 1103 4113 divinitus
1125 4069 1218 4113 reve-

128 4132 242 4201 latum
257 4139 370 4203 festum
389 4135 570 4227 hujusmodi
587 4132 771 4224 generaliter
787 4135 819 4198 in
837 4133 1217 4202 ecclcsiacclebrandum:

144 4245 202 4287 nos
223 4226 328 4313 itaque
357 4226 398 4293 ad
426 4223 710 4294 corroborationem
740 4230 772 4286 et
801 4221 1021 4290 exaltationem
1047 4222 1219 4297 catholicae

144 4309 214 4379 fidei
243 4313 335 4404 digne
364 4339 401 4384 ac
433 4308 653 4382 rationabiliter
682 4309 883 4379 statuendum
913 4313 1074 4394 duximuS,
1108 4324 1143 4381 ut
1177 4314 1218 4382 dc
