2714 4912
645 331 867 397 ..sg-

224 491 372 560 damnata
391 498 448 572 est,
469 506 545 556 rnox
565 485 710 578 proximo
731 497 804 578 post
824 506 910 570 earn,
932 483 996 579 quo
1017 482 1201 554 Romanurn
1221 505 1302 554 corr-

224 580 333 650 cilium
354 589 431 661 erat,
445 599 562 646 mense
583 573 772 669 Septembri,
794 574 933 644 secunda
954 572 1136 660 Vercellis⁸)
1159 574 1303 664 synodus

223 669 339 738 indicta
361 678 415 735 est.
457 664 493 735 lrr
515 687 578 755 qua
597 677 634 732 ut
651 667 720 756 ipse
734 664 868 748 adesset,
889 662 1068 732 admonitus
1082 663 1212 756 quidem
1227 672 1303 745 erat,

225 758 282 826 sed
304 755 390 848 quod
411 755 444 823 in
465 753 598 823 concilio
619 757 653 822 in
676 753 779 823 Gallia
799 768 865 824 non
885 750 1029 820 habendo
1049 775 1088 820 se
1109 755 1220 820 sistere
1238 774 1303 822 non

225 847 361 927 deberet,
380 845 489 912 venire
509 841 728 910 reformidavit
771 843 837 912 Sed
866 840 947 909 duos
974 841 1108 910 clericos
1133 851 1171 909 ut
1191 840 1302 910 defen·

225 958 314 1003 sores
330 935 521 1013 exsisterent,
542 931 680 1000 Romam
696 931 861 1001 mittendos
877 933 1009 1015 censuit,
1031 930 1145 1022 quibus
1159 951 1226 998 non
1243 951 1301 996 au-

224 1023 297 1091 ditis
325 1023 416 1090 etin
442 1020 570 1089 vincula
604 1022 769 1112 conjectis,
799 1021 984 1112 Berengarii
1014 1018 1157 1090 haeresis
1188 1021 1304 1086 iterum

224 1109 377 1179 damnata
394 1120 449 1178 est
493 1111 567 1195 Qua
589 1109 787 1178 damnatione
809 1108 925 1200 duplici
951 1111 1093 1176 omnium
1114 1106 1304 1175 clericorum

153 1208 157 1214 *
226 1198 311 1268 oculi
340 1203 374 1268 in
402 1222 503 1267 unum
535 1200 764 1290 Berengarium
792 1198 1071 1280 convertebantur,
1094 1195 1312 1290 plurimorum

224 1287 341 1357 invidia
373 1286 580 1369 excitabatur,
608 1287 832 1355 nonnullonrm
861 1297 968 1354 autem
997 1310 1072 1355 curn
1100 1309 1139 1353 eo
1180 1296 1304 1354 contra·

225 1376 359 1446 bebatur·
380 1378 521 1445 amicitia.
551 1374 588 1444 ln
653 1377 724 1444 ibus
739 1401 814 1445 curn
830 1373 1241 1444 habereturHildebrandus
1257 1374 1304 1441 le-

250 1476 319 1532 atus
342 1487 363 1533 a
382 1464 481 1533 latere
502 1474 535 1532 et
554 1462 613 1532 sub
636 1468 776 1548 'aconus,
798 1467 853 1558 qui
876 1464 917 1532 ad
938 1463 1169 1532 moderandum
1198 1465 1306 1531 conci·

226 1491 306 1622 hum
327 1553 515 1622 Turonense
536 1552 713 1637 advenerat,
733 1556 962 1645 Berengan'um
984 1552 1055 1621 [idei
1075 1548 1209 1623 formida
1230 1574 1306 1644 per·

226 1642 309 1710 lecta
329 1642 363 1710 in
383 1641 537 1710 ecclesiae
559 1641 731 1712 catholicae
751 1644 934 1711 societatem
963 1643 1119 1710 assumsit.
1161 1639 1306 1710 Attamen

198 1756 202 1770 ¹
228 1732 398 1823 quominus
414 1731 466 1798 itte
481 1729 655 1820 insynodo,
674 1754 756 1822 quae
767 1732 803 1800 A.
814 1734 909 1800 1059.
920 1753 940 1799 a
951 1729 1085 1799 Nicolao
1096 1728 1159 1817 ll‘)
1182 1728 1308 1798 Romae

228 1818 412 1901 habebatur,
433 1819 526 1887 aliam
548 1818 620 1887 [idei
640 1817 818 1903 formulam,
846 1843 930 1924 quae
953 1842 972 1886 a
1000 1819 1177 1889 Humberto
1205 1819 1306 1888 cardi·

228 1908 293 1977 nali
313 1910 498 1998 composita,
519 1904 692 1975 doctrinam
707 1907 870 1977 Paschasir
890 1907 1138 1977 luculentissime
1158 1907 1308 1990 tradebat,

229 1996 428 2064 subscribere
449 2006 624 2088 cogeretur,
644 1995 733 2064 nullo
756 1997 851 2066 modo
871 1997 1026 2089 impedire
1047 1999 1154 2089 potuit
1186 1997 1307 2087 Bereuf

228 2088 336 2177 garius
358 2095 476 2167 autem,
497 2095 665 2177 postquam
687 2109 722 2153 se
743 2085 899 2178 periculo,
971 2087 1012 2156 od
1036 2089 1120 2154 vitae
1147 2088 1307 2154 suasim-

228 2175 372 2258 mineret,
392 2172 559 2242 liberatum
580 2178 737 2266 cognovit,
759 2178 817 2244 etsi
839 2175 880 2243 ab
941 2175 1079 2244 errandro
1106 2174 1143 2243 Π.
1170 2177 1308 2243 monitus

213 2274 288 2345 est,
308 2274 346 2331 ut
366 2285 386 2331 a
407 2262 547 2331 doctrina
574 2286 724 2355 perversa
745 2266 955 2354 resipisceret,
984 2266 1186 2347 sententiam,
1213 2274 1309 2355 quam

228 2350 325 2420 modo
345 2351 603 2456 improbaverat,
629 2354 766 2444 ingenue
787 2353 963 2443 probavit,
983 2352 1193 2422 Paschasium
1221 2375 1308 2421 acer·

229 2440 359 2508 bissime
379 2442 576 2532 vrtuperavit,
598 2463 633 2508 se
654 2446 738 2534 „jam
759 2443 949 2511 imminentis
970 2445 1080 2510 mortis
1101 2446 1214 2511 timore
1238 2464 1308 2533 per·

226 2527 390 2597 vturbatum
412 2528 453 2598 de
474 2531 604 2598 veritate
625 2532 833 2599 conticuisse“
854 2534 1015 2622 professus
1038 2542 1091 2600 est
1122 2531 1167 2601 lta
1189 2534 1309 2599 iactum

230 2627 288 2702 est,
310 2628 345 2685 ut
367 2615 407 2686 ad
431 2643 449 2685 o
473 2619 612 2686 inionem
633 2620 829 2709 probandam
850 2619 891 2688 ad
901 2620 1112 2690 Lanfrancum
1135 2619 1309 2688 etRichar·

203 2706 309 2774 ‘dum
332 2729 408 2774 eum
429 2640 544 2774 librum
565 2707 730 2791 scriberet,
758 2713 849 2802 cujus
876 2712 1051 2801 fragmenta
1077 2720 1200 2778 tanturn
1228 2707 1311 2801 apud

231 2795 443 2864 Lanfrancum
465 2805 597 2865 exstant
634 2797 684 2866 Ad
705 2822 803 2890 quem
818 2797 932 2867 librum
948 2800 1086 2889 priorem
1101 2798 1312 2878 refutandum,

233 2906 310 2952 cum
323 2884 526 2954 'Lanirancus
548 2907 660 2954 omnes
681 2910 797 2955 nervos
817 2886 1012 2956 intendisset:
1029 2889 1254 2979 ‘Berengarius
1280 2886 1312 2955 id

233 2995 325 3062 opus,
346 2972 433 3066 quod
453 2997 556 3064 nuper
576 2974 760 3068 Lessingius
779 2979 907 3059 invenit,
927 2978 1066 3046 maxima
1088 3001 1162 3046 cum
1179 2976 1310 3067 diligen·

231 3062 275 3129 na
296 3063 484 3153 composuit,
506 3086 547 3130 ex
569 3064 709 3154 patribus
726 3089 761 3132 ar
784 3077 911 3135 umenta
925 3066 1034 3149 attulit,
1054 3078 1155 3135 artem
1171 3065 1312 3134 dialecti·

233 3172 307 3216 cam
328 3149 369 3219 ad
391 3149 604 3219 adversarium
626 3089 831 3222 refellendum
852 3153 1000 3236 adhibuit,
1025 3158 1068 3223 ita
1089 3166 1125 3222 ut
1146 3177 1252 3246 usque
1273 3152 1314 3221 ad

232 3249 368 3307 aetatem
389 3238 643 3309 Reformatorem
664 3243 864 3311 acutissimus
891 3242 1065 3310 catholicae
1092 3242 1164 3312 [idei
1184 3247 1311 3334 impug-

194 3352 196 3357 ·
231 3337 323 3394 nator
341 3330 413 3419 jure
434 3327 595 3398 habeatur.
633 3328 681 3398 Eo
703 3342 810 3418 autem
832 3342 984 3423 ternpore,
1007 3356 1070 3424 quo
1092 3344 1158 3402 tota
1180 3334 1314 3402 ecclesia

231 3415 394 3484 Paschasii
419 3420 604 3488 sententiam
631 3419 862 3510 comprobavit,
888 3423 954 3490 lere
982 3443 1082 3504 unus,
1110 3423 1167 3490 etsi
1195 3423 1314 3504 restitit,

233 3506 360 3573 vincere
381 3528 446 3574 non
468 3508 576 3596 potuit
605 3507 756 3600 Namque
770 3511 982 3602 Berengarius
1001 3533 1043 3579 ne
1056 3511 1200 3603 Gregorii
1216 3509 1313 3599 Vll')

232 3591 363 3749 quidem
391 3596 574 3664 auctoritate
600 3595 640 3665 ab
668 3597 810 3666 hostibus
836 3599 980 3690 plurimis
1006 3599 1155 3668 defensus
1181 3599 1314 3669 concilio

264 3703 379 3749 emano
401 3684 437 3751 Α.
460 3687 556 3752 1079.
583 3707 701 3754 novam
729 3685 801 3756 fidei
826 3688 996 3757 formulam
1021 3691 1153 3757 recitare
1180 3700 1312 3756 coactus

233 3780 290 3850 est,
313 3792 396 3928 quae
415 3773 514 3862 ipsius
535 3776 707 3843 sententiae
727 3777 855 3847 omnino
883 3788 952 3846 erat
978 3777 1143 3847 contraria.
1187 3775 1314 3846 Etenim

234 3860 292 3926 etsi
344 3862 488 3951 regorius
508 3885 547 3929 ea
567 3862 711 3946 formula,
732 3887 830 3956 quarn
859 3865 898 3935 ab
926 3889 965 3933 eo
986 3865 1048 3954 legi
1069 3865 1104 3932 Α.
1129 3867 1224 3935 1078.
1248 3871 1313 3935 ‘us-

233 3957 325 4029 serat,
348 3971 496 4051 quaeque
515 3951 558 4019 ita
579 3955 764 4022 concinnata
785 3966 861 4038 erat,
881 3964 917 4022 ut
938 3963 970 4020 et
989 3950 1177 4021 catholicam
1200 3965 1230 4021 et
1243 3892 1314 4023 l3e-

233 4039 369 4127 rengarir
390 4037 562 4107 doctrinam
582 4042 677 4110 simul
697 4044 857 4112 continere
877 4041 1041 4125 videretur,
1056 4080 1100 4094 —-
1115 4054 1208 4135 prout
1222 4045 1312 4133 quis·

235 4145 298 4212 que
320 4123 417 4194 verba
436 4129 630 4220 interpretari
649 4130 781 4214 studuit,
809 4129 850 4198 ad
875 4140 1002 4221 ternpus
1022 4133 1162 4201 amicum
1188 4151 1231 4197 ex
1254 4131 1311 4200 ad-

233 4217 444 4285 versariorum
466 4218 611 4287 manibus
630 4219 753 4309 eripuit,
779 4228 886 4290 tamen
905 4219 1001 4289 millis
1021 4222 1137 4289 artibus
1158 4217 1311 4305 adhibitis,

221 4322 275 4369 ne
295 4303 409 4374 iterum
429 4307 462 4377 irr
480 4309 535 4396 jus
554 4317 686 4377 vocatus
708 4305 779 4376 fidei
800 4307 973 4381 catholicae
992 4309 1163 4398 formidant
1180 4331 1311 4404 expres·

1265 4528 1336 4623 ,q

1271 4664 1274 4669 1
1287 4618 1320 4651 'md
