2714 4912
485 343 704 408 ..49-

54 501 121 570 hilo
143 501 243 569 creari
265 499 428 581 drrxerunt,
451 499 542 589 quasi
563 497 803 585 calicemque
826 506 909 563 esset
930 499 1038 564 vinum
1056 507 1133 564 con·

56 601 224 672 secratum,
245 591 310 680 igni
332 587 528 655 admovendo
551 610 569 652 a
587 585 659 651 Deo
676 596 887 675 perpetuaea
909 585 1018 654 iierent
1038 589 1133 653 mira-

56 678 138 746 cula.
181 678 296 768 Neque
325 681 430 744 minus
464 675 592 741 ubinam
621 673 764 740 Christus
790 675 822 739 in
847 674 949 740 hostia
982 687 1077 765 caput
1104 687 1136 742 ct

56 768 156 857 pedes
178 765 315 848 haberet,
336 791 378 833 ne
398 768 477 830 forte
499 761 646 828 sacerdos
667 762 849 852 imprudens
871 785 945 829 eum
968 762 1134 853 aliquando

57 879 186 924 versum
209 878 336 922 sursum
357 851 489 942 pedibus
511 862 640 932 teneret,
663 852 801 916 maxima
817 849 971 941 diligentia
984 851 1134 943 indagare

58 945 262 1012 studuerunt:
287 953 318 1008 et
337 941 565 1030 responderunt
584 938 736 1020 nonnulli,
760 962 884 1027 semper
904 939 1064 1008 dominum
1080 966 1133 1009 ca·
1217 996 1219 1002 .

58 1043 116 1122 put
137 1056 264 1098 sursum
286 1028 409 1112 tollere,
438 1029 534 1118 pedes
557 1029 706 1095 deorsum
728 1028 905 1109 demittere,
933 1040 968 1095 ut
987 1029 1060 1096 licet
1081 1055 1133 1098 sa·

58 1121 171 1190 cerdos
193 1120 329 1185 hostiam
350 1120 382 1184 in
406 1119 512 1186 orbem
535 1127 684 1198 versaret,
705 1115 792 1183 nulla
813 1126 919 1184 tamen
942 1127 1039 1183 status
1060 1143 1133 1186 rnu-

57 1212 177 1276 tatione
204 1211 300 1287 iacta‚
328 1217 450 1273 erectus
478 1206 646 1273 adsisteret.
692 1205 778 1273 Cum
805 1216 911 1271 autem
940 1205 1137 1290 haesitarent,

59 1319 125 1387 qua
149 1307 272 1385 tergum
294 1305 386 1377 esset,
408 1298 541 1362 frontem
564 1295 603 1362 ab
626 1317 665 1361 eo
688 1308 814 1382 semper
829 1293 869 1359 ad
885 1294 1079 1361 sacerdotem
1096 1298 1136 1364 ob

58 1387 267 1451 reverentiam
290 1387 368 1450 verti
391 1394 589 1464 censuerunt,
610 1386 766 1451 nisicum
790 1381 936 1450 sacerdos
958 1381 1137 1455 hominibus

58 1473 194 1540 hostiam
215 1474 401 1562 porrigeret:
424 1481 501 1537 tum·
516 1475 599 1538 enim
621 1471 783 1539 celerrime
805 1482 929 1561 tergum
948 1471 1069 1539 obverti
1084 1499 1135 1542 sa-

56 1560 198 1642 cerdoti,
234 1559 324 1626 vultu
359 1561 627 1627 communicantes
662 1556 858 1646 adspiciente.
907 1559 1138 1631 Dubitaverunt

59 1653 171 1730 etiam,
204 1672 282 1715 num
311 1648 454 1716 Christus
483 1649 516 1715 in
542 1647 643 1714 hostia
670 1647 804 1730 videret,
838 1646 980 1728 audiret,
1002 1653 1137 1735 sentiret,

60 1737 213 1829 quidquid
234 1739 266 1804 in
288 1736 376 1804 coelo
392 1737 517 1819 videret,
539 1736 667 1818 audiret,
690 1737 830 1815 sentiret3
851 1739 986 1818 suerunt,
1008 1740 1061 1829 qui
1076 1739 1138 1809 hoc

58 1826 258 1906 affirmarent,
276 1827 309 1893 in
332 1849 414 1915 pane
436 1849 507 1892 esse
532 1825 669 1892 eundem
689 1823 780 1892 iilum
803 1823 979 1908 Christum,
1008 1828 1063 1917 qui
1085 1853 1137 1896 es·

59 1925 108 1982 set
129 1918 163 1982 in
185 1914 283 1994 coelo,
304 1937 365 1979 nec
386 1917 490 1980 minus
513 1917 694 2003 perfectum.
722 1912 783 1980 Alii
798 1926 906 1981 contra
920 1939 994 1982 eum
1008 1918 1041 1982 in
1056 1941 1138 2009 pane

59 2028 131 2072 esse
153 2025 299 2083 caecum,
327 2001 473 2082 surdum,
500 2013 639 2083 mutum,
672 2001 867 2071 immobilem
893 2003 1029 2094 profiteri
1057 2006 1137 2074 soliti

56 2103 140 2160 sunt
184 2090 301 2180 Neque
322 2113 398 2156 vero
420 2089 453 2156 id
479 2092 585 2181 ipsum
613 2089 770 2179 integrum
796 2089 855 2159 reli
901 2103 1004 2174 erunt,
1031 2102 1138 2164 utrum

58 2181 165 2250 nudus
188 2203 228 2246 an
250 2180 380 2246 vestitus
403 2189 486 2245 esset
506 2180 539 2244 in
555 2177 662 2245 hostia
683 2177 838 2244 dominus.
856 2116 912 2246 (iit
924 2182 1043 2248 inventi
1057 2195 1138 2266 sunt,

60 2272 114 2361 qui
136 2271 283 2336 vestitum
305 2270 408 2334 inesse
431 2267 590 2349 ducerent,
613 2268 688 2358 quia
709 2269 839 2332 vestitus
868 2271 901 2334 in
930 2268 1055 2335 coelum
1081 2271 1137 2338 ad·

58 2358 240 2426 scendisset
283 2356 343 2425 Ah'i
364 2365 470 2422 autern
492 2357 619 2423 nudum·
637 2366 836 2440 censuerunt,
858 2356 944 2448 quod
966 2358 1138 2427 absurdum

60 2471 133 2514 esse
153 2445 324 2527 videbatur,
345 2468 411 2512 non
432 2443 537 2511 solum
558 2447 665 2534 ipsum
688 2468 818 2535 corpus,
847 2444 904 2514 sed
926 2447 1019 2533 etiam
1040 2452 1136 2517 vesti·
1193 2500 1194 2504 η

55 2545 167 2602 menta
188 2536 256 2624 ejus
277 2535 309 2600 in
331 2556 421 2601 sacra
444 2556 543 2601 coena
565 2533 696 2602 comedi.

132 2700 164 2758 a)
183 2704 248 2751 Vide
266 2706 329 2760 Ono.
347 2703 483 2751 lanfranci
506 2703 546 2749 ed.
564 2703 700 2762 d'Aetrery,
725 2701 861 2757 praecipue
880 2701 969 2748 tibrum
992 2704 1022 2750 de
1039 2709 1140 2756 nuena-

57 2772 139 2824 riatia.

130 2839 160 2896 b)
180 2847 263 2892 Lantr.
281 2846 312 2890 de
328 2844 487 2890 Eucharistia
501 2855 544 2899 cp.
565 2846 588 2890 l.
1130 2887 1132 2892 ,

132 2911 181 2966 bb)
203 2915 241 2961 ct.
260 2915 471 2961 cbemnttins:
494 2918 607 2960 Examen
625 2912 729 2959 Consilii
747 2910 895 2961 l'rtdentini:
922 2926 947 2970 n.
967 2915 1026 2964 2⁷2.
1051 2922 1142 2967 scotus

62 2986 254 3035 Cameracensis
272 2992 297 3030 et
315 2985 359 3031 alti
377 2985 469 3031 diserte
486 2987 604 3045 fatentur,
621 2996 669 3031 nee
686 2984 773 3030 verbis
790 2985 936 3044 certaturae,
954 3000 1003 3034 neo
1019 2993 1140 3044 symbolis

60 3057 127 3115 idel,
145 3069 192 3101 neo
210 3062 321 3102 veterum
339 3047 469 3116 sententiis
488 3055 544 3110 eogi
561 3067 608 3101 nos
631 3056 663 3102 ad
686 3055 775 3110 dogma
791 3058 1096 3119 transsubstantiationis,
1114 3068 1140 3109 et

61 3129 117 3175 stne
135 3126 416 3172 transsubstantiatione
433 3139 511 3182 posse
529 3126 620 3185 doceri,
644 3119 745 3172 retineri
769 3131 794 3172 et
813 3129 893 3186 credi,
918 3134 942 3173 et
959 3140 1046 3175 veram
1064 3143 1140 3186 prae.

62 3199 169 3246 sentiam
187 3203 211 3241 et
230 3197 367 3243 efficaciam
385 3199 496 3252 eorporis
515 3203 540 3243 et
557 3197 687 3253 sanguinis
707 3196 799 3244 Christi
823 3198 849 3242 in
867 3199 1036 3245 buobaristia:
1058 3203 1140 3248 miuus

61 3269 136 3314 ettam
158 3269 324 3313 absurdarum
348 3269 521 3321 quaestionum
544 3269 685 3315 babituram
708 3269 844 3314 doctrinam
866 3269 897 3313 de
919 3271 1092 3331 Eucharistiae,
1117 3274 1140 3318 st

61 3343 156 3393 absque
180 3339 457 3386 transsubstantiationo
484 3350 613 3385 remanere
640 3344 746 3394 ponatur
770 3338 912 3384 substantia
939 3341 1012 3394 oanis
1040 3348 1064 3387 et
1089 3343 1139 3388 vini

60 3420 112 3456 nna
143 3420 199 3455 eum
224 3420 326 3462 corpore
350 3413 375 3453 et
397 3410 520 3464 sanguine
544 3410 650 3470 christi,
672 3409 723 3455 nisi
745 3408 881 3454 concilium
903 3412 1072 3458 lateranense
1096 3411 1142 3466 (de
1183 3434 1194 3455 ι

62 3491 110 3534 nuo
130 3479 187 3524 vide
205 3472 284 3536 intra)
303 3478 378 3523 aliter
395 3481 534 3525 statuisset.
570 3479 765 3525 Fundamentum
782 3478 857 3533 igitur
879 3480 983 3532 primum
1001 3486 1025 3527 et
1047 3484 1140 3537 prinei·

61 3553 118 3605 nale
136 3550 258 3604 dogmatis
277 3549 307 3594 de
322 3548 611 3595 transsubstantiatione
630 3551 753 3594 collocant
770 3549 795 3593 tn
813 3551 868 3594 soto
882 3552 1061 3598 Lateranensts
1074 3555 1140 3600 con-

61 3621 113 3666 oittt
137 3623 252 3666 licereto.
287 3622 382 3664 Postea
404 3631 465 3666 vero
488 3620 522 3665 ad
545 3621 683 3665 ornandum
706 3619 767 3665 iilud
789 3619 893 3666 concini
917 3623 1047 3668 Decretum
1070 3625 1142 3672 ineos

62 3692 183 3745 quosdam
205 3703 240 3737 ex
262 3691 391 3744 scriptura
414 3697 439 3734 et
461 3689 578 3737 Patribus
601 3690 759 3743 conquirunt.
795 3692 929 3737 llnrandus
952 3703 1001 3737 non
1019 3698 1071 3741 vult
1094 3697 1141 3742 irn-

63 3761 164 3817 probari
181 3767 224 3823 apt
242 3759 354 3807 damnari
376 3761 446 3806 ittam
467 3761 630 3818 sententiam,
654 3760 719 3814 quod
737 3765 881 3805 remanente
901 3765 1041 3811 substantia
1061 3767 1142 3826 panis,

62 3842 126 3877 vere
147 3836 171 3874 et
188 3831 384 3877 substantialiter
401 3830 467 3877 adsit
486 3830 512 3875 in
529 3831 689 3878 euenerunt
707 3842 800 3884 cornus
819 3830 912 3878 Christi
931 3839 980 3880 ete.

134 3897 162 3952 e)
181 3900 237 3946 ibid.
256 3914 294 3955 eo.
315 3903 356 3948 ts.

131 3968 179 4021 eei
197 3970 254 4015 th.
272 3973 384 4018 areseter
407 3973 498 4018 Lehrb.
521 3970 544 4015 d.
569 3971 765 4027 Kirobengeseb.
784 3975 815 4018 ll.
838 3973 863 4017 a.
888 3984 912 4028 o.
932 3971 992 4021 428.
1011 3974 1051 4021 ed.
1071 3976 1144 4023 tertia

62 4042 134 4102 „arn
153 4051 242 4096 nauem
261 4046 285 4085 et
302 4042 386 4088 vinum
403 4055 452 4089 uon
470 4047 599 4101 mutatum,
616 4044 662 4090 sed
679 4046 760 4089 solum
776 4050 958 4090 sacramentnm
973 4045 1038 4089 stent
1052 4055 1144 4098 aquarn

64 4112 228 4169 baptismatis,
247 4112 289 4157 vei
307 4114 388 4159 oleum
406 4114 555 4174 chrismatis,
575 4126 666 4169 eorpus
686 4115 779 4162 Cbrtsti
801 4127 850 4159 non
875 4126 949 4169 vere,
973 4116 1016 4159 sed
1040 4116 1144 4171 figurate

64 4185 151 4230 vocari
170 4184 261 4229 dieunt.
298 4182 348 4227 ant
368 4190 450 4230 autem
472 4186 569 4245 dieunt,
592 4196 681 4240 panem
704 4197 754 4231 non
776 4189 857 4232 sulum
880 4191 1077 4246 sacramentnm,
1100 4189 1145 4234 sed

64 4253 89 4300 in
112 4265 177 4310 pane
191 4253 322 4300 ⁴Christum
340 4253 414 4304 onesi
432 4254 591 4315 impanatum,
610 4257 675 4303 sieut
693 4258 774 4301 ileum
793 4256 817 4302 irr
836 4264 911 4298 carne
926 4258 1090 4306 personaliter
1104 4259 1144 4303 in-

64 4331 200 4373 carnatum.
238 4325 290 4371 alil
309 4329 392 4368 autem
411 4334 499 4378 patrem
516 4331 541 4370 et
558 4327 644 4374 vinum
661 4326 688 4375 tu
705 4337 805 4372 carnem
827 4329 853 4368 et
877 4324 1024 4377 sanguinem
1045 4330 1145 4390 mutari,

106 4387 226 4438 Renter,
240 4385 268 4426 ds
283 4384 401 4426 eucharist.
638 4421 641 4428 ,
915 4386 937 4450 4
