2714 4912
593 365 637 383 ....
682 330 725 398 67
753 343 815 385 ⁴..

235 487 447 576 Berengarius
465 480 671 559 verisimiliter
685 485 818 568 Turoni,
836 510 929 570 anno,
948 490 1004 580 qni
1017 491 1175 559 nonsatis
1189 513 1244 560 oc·

169 589 278 648 emate
296 579 418 648 deliniri
435 583 586 666 ,potest,¹¹)
608 587 700 645 natus
723 575 869 658 Fulberti,
890 576 1016 647 scholae
1039 578 1245 651 cornotensis

171 669 312 758 magistri
334 667 512 748 clarissimi,
537 677 575 733 ut
598 668 631 734 in
659 663 782 732 altiores
806 663 980 749 litterarum,
998 677 1030 735 et
1051 666 1243 759 theologica·

168 781 242 826 rum
263 767 295 824 et
316 756 760 847 philosophicarum-recessus
777 764 959 844 penetraret,
982 755 1161 847 disciplinae
1180 769 1243 826 tra·

169 845 263 927 ditus,
284 870 360 915 mox
380 847 462 913 inter
483 842 632 934 aequales
654 854 815 931 tantopere
835 841 1015 927 excellebat,
1027 857 1071 914 -ut
1082 848 1116 913 in
1129 869 1243 916 nume·

167 958 240 1001 rum
259 959 376 1004 >eorum
399 932 630 1023 discipulorum,
652 934 707 1023 qui
728 933 901 1001 arctissima
915 936 1146 1003 consuetudine
1165 937 1192 1005 F
1194 936 1245 1004 ul·

167 1023 256 1093 berto
279 1027 553 1114 conjungerentur,
574 1019 656 1088 ultro
671 1023 846 1087 referretur.
884 1020 967 1089 lnter
982 1044 1062 1111 quos
1086 1027 1246 1116 magistro,

167 1137 268 1202 quum
290 1123 326 1178 ut
348 1123 379 1178 et
400 1115 546 1181 virtutem
567 1109 709 1178 colerent
727 1119 760 1175 et
779 1109 874 1178 lidern
896 1133 915 1174 a
938 1110 1076 1199 patribus
1102 1115 1246 1181 traditam

139 1206 369 1289 .servarent,⁰)
392 1199 605 1269 adolescentes
627 1198 848 1280 adhortaretur,
870 1200 1080 1290 Berengarius
1095 1223 1160 1267 non
1174 1225 1245 1270 raro

166 1291 286 1370 restitit,
308 1313 364 1356 eos
385 1288 489 1369 libros,
512 1291 567 1377 qui
589 1299 696 1357 contra
723 1287 872 1378 dogmata
891 1287 1054 1356 catholica
1081 1292 1262 1379 compositi*

167 1388 271 1459 erant,
300 1401 425 1447 summo
454 1377 557 1446 studio
585 1376 662 1467 legit
689 1389 720 1444 et
742 1379 845 1448 exiis
880 1386 1067 1466 argumenta
1095 1376 1135 1444 ad
1163 1377 1244 1446 illius

166 1468 384 1535 auctoritatem
404 1465 633 1556 irrlringendam
662 1466 831 1554 excerpsit,
859 1465 1031 1556 plurimum
1046 1490 1134 1543 ¹vero
1163 1479 1244 1537 tem-

165 1557 251 1644 poris
271 1557 306 1625 in
327 1555 474 1644 operibus
497 1557 684 1645 scriptorum
706 1557 907 1642 antiquorum
923 1554 1152 1642 perscrutandis
1167 1581 1245 1625 eon·

165 1645 285 1711 sumsit
309 1645 451 1710 Cornuto
463 1643 565 1711 redux
576 1641 765 1712 elericorum
784 1641 883 1709 ordini
900 1643 1074 1731 adscriptus
1093 1643 1245 1712 ecclesiae

163 1733 264 1801 sancti
275 1732 409 1814 Martini,
425 1731 553 1800 scholae
566 1731 760 1800 Turonensis
770 1730 974 1798 scholasticus
987 1741 1120 1813 creatus,
1129 1731 1246 1800 littera·
1340 1746 1342 1752 “

164 1843 237 1895 rum
257 1823 456 1911 antiquaram
478 1820 580 1890 studia
602 1843 716 1910 urgere
734 1822 843 1909 jussus
863 1829 895 1887 et
914 1823 1064 1908 temporis
1082 1821 1244 1890 intervallo

163 1907 251 1981 haud
263 1913 306 1979 ita
319 1909 416 2001 longo
428 1909 694 2000 andegavenses)
716 1907 868 1980 ecelesiae
889 1910 1126 1977 archidiaconus
1140 1914 1244 1979 nomi-

163 2009 257 2067 natus
270 2009 327 2080 est,
348 2001 390 2066 ita
409 2010 525 2079 tamen,
543 2009 579 2065 ut
595 1997 731 2077 scholae,
755 2020 837 2087 quae
848 1997 970 2065 Turoni
987 1998 1128 2081 florebat,
1143 2003 1245 2068 etiam

162 2087 381 2177 inposterum
403 2097 658 2178 praeponeretur.
708 2086 781 2170 Quo
807 2083 879 2152 loco
907 2088 1092 2153 constitutus
1119 2098 1244 2158 senten-

162 2178 231 2258 tias,
250 2200 333 2266 quas
350 2177 469 2245 ferebat
491 2200 510 2244 a
527 2173 588 2241 fide
604 2168 757 2243 catholica
772 2173 920 2256 diversas,
934 2186 999 2242 tam
1013 2178 1151 2266 ingenue
1166 2201 1241 2248 curn

163 2263 321 2356 discipulis
343 2265 596 2346 communicavit,
623 2274 660 2331 ut
680 2284 756 2331 mox
784 2264 823 2330 ad
852 2266 921 2352 ejus
948 2265 1123 2332 amicorum
1152 2289 1245 2333 aures

162 2356 370 2445 pervenirent,
393 2354 513 2422 Galliae
534 2377 610 2421 vero
638 2351 838 2419 sacerdotum
863 2355 896 2419 in
924 2376 1007 2420 eum>
1028 2365 1247 2423 converterent

164 2441 284 2511 oculos.
319 2446 394 2512 Jam
416 2466 499 2511 anno
523 2441 619 2511 1045.
640 2440 854 2511 Adelmannus
868 2440 1243 2511 scholasticusLeodien·

163 2533 215 2613 sis,
238 2555 379 2622 quocum
402 2532 535 2600 Cornuti
556 2529 695 2597 Fulberti
710 2529 824 2596 scholis
836 2532 1027 2611 interfuerat,
1048 2556 1084 2598 se
1098 2543 1171 2599 ante
1185 2557 1243 2600 an-

163 2644 222 2688 nos
245 2622 326 2689 duos
348 2623 528 2712 percepisse
545 2620 774 2708 Berengarium
796 2620 1041 2686 sententiam'de
1064 2643 1164 2688 coena
1185 2622 1244 2688 do·
1308 2648 1309 2653 ¹

162 2711 241 2778 mini
261 2709 373 2779 [alsam
394 2713 485 2791 ferre,
506 2720 538 2777 et
560 2732 595 2777 se
616 2707 733 2775 litteras
754 2707 815 2775 hac
838 2706 877 2773 de
898 2731 934 2774 re
956 2707 1092 2789 dedisse,
1120 2711 1153 2774 in
1175 2710 1243 2799 epi·
1318 2766 1323 2777 „

161 2797 244 2867 stola
272 2800 409 2890 scripsit,
444 2809 477 2866 et
504 2799 539 2866 A.
563 2801 659 2865 toto.
692 2797 788 2886 Hugo
818 2795 1026 2888 Lingonensis
1053 2797 1169 2863 librum
1202 2798 1243 2866 ad

162 2889 343 2977 opinionem
366 2892 435 2979 ejus
456 2885 651 2955 rehrtandam
673 2888 859 2973 composuit
902 2886 1011 2974 ltaque
1033 2888 1244 2954 certissimum

163 2989 218 3058 est,
242 2976 328 3067 quod
342 2974 569 3061 Mabitoniusr)
590 2975 663 3045 altis'
674 2998 802 3064 quoque
817 2977 1010 3065 argumentis
1024 2974 1123 3041 allatis
1137 2986 1243 3043 osten·
1260 3001 1262 3005 ’

118 3145 122 3157 ‚
162 3064 214 3147 dit,
232 3071 299 3157 jam
322 3064 813 3154 ante.A.1050Berengarium
835 3063 987 3130 ecclesiae
1009 3062 1182 3132 catholicae
1204 3063 1241 3130 li·
1317 3132 1321 3140 ,

162 3152 235 3223 dem
256 3157 470 3246 impugnasse,
492 3177 565 3222 earn
587 3163 693 3221 autem
700 3202 709 3235 ,
738 3155 829 3242 cujus
851 3164 960 3244 postea
988 3164 1084 3235 esset,
1115 3163 1242 3219 senten·
1340 3216 1344 3222 ,

162 3246 238 3310 tiam
265 3267 331 3313 non
360 3246 434 3311 satis
463 3242 658 3311 enodavisse.
708 3243 854 3311 Attamen
888 3265 984 3332 quam
1017 3241 1059 3307 ad
1088 3241 1242 3310 Lanlran-

161 3355 251 3414 cum,
285 3333 465 3398 monasterii
494 3333 667 3401 Beocensis
692 3332 844 3422 priorem,
875 3330 973 3411 dedit,
1000 3329 1151 3420 epistola,
1179 3353 1244 3421 qua

161 3421 222 3487 sibi
242 3424 311 3488 Joa.
334 3421 422 3488 Scoti
444 3419 484 3487 de
505 3419 701 3489 Eucharistia
722 3419 897 3487 doctrinam
918 3419 1052 3507 probari,
1081 3418 1244 3486 Paschasii

161 3533 238 3576 vero
260 3507 370 3577 [alsam
391 3507 501 3596 haberi
521 3511 681 3599 professus
703 3519 777 3590 erat,
800 3510 946 3599 quamvis
961 3532 1024 3575 non
1040 3532 1121 3588 earn,
1144 3506 1242 3598 quain

161 3609 271 3689 postea
291 3597 438 3679 habebat,
457 3598 638 3689 opinionem
661 3601 840 3680 contineret,
861 3608 969 3664 tamen
988 3621 1085 3664 causa
1099 3599 1164 3680 suit,
1185 3620 1244 3667 cur

161 3709 238 3754 mox
259 3711 298 3755 ea
319 3710 371 3755 res
394 3687 434 3758 ad
456 3686 641 3756 Pontificem
662 3687 844 3756 Romanum
866 3685 959 3753 allata
980 3688 1156 3753 maximum
1175 3688 1240 3753 Be·

160 3779 305 3865 rengan'o
327 3778 454 3845 interret
476 3776 693 3845 calanutatem.
736 3776 931 3844 Lonfrancns
960 3777 1058 3857 enim,
1087 3799 1162 3842 cum
1184 3774 1241 3840 ab·

161 3887 235 3932 sens
258 3876 350 3947 esset,
368 3864 538 3954 epistolam
559 3888 624 3932 non
645 3867 776 3955 accepit,
803 3888 822 3930 a
850 3865 959 3932 nuntio
982 3875 1089 3931 autem
1111 3859 1243 3952 quihus*
1323 3896 1325 3905 ι

161 3952 236 4019 darn
259 3951 426 4043 legendam
447 3954 591 4024 traditam
613 3976 685 4022 esse
708 3953 833 4035 audivit,
855 3965 886 4020 et
907 3965 942 4019 ut
962 3956 1074 4020 erroris
1089 3952 1242 4042 suspicio·

160 4065 236 4110 nem
260 4063 279 4109 n
301 4065 336 4107 se
359 4055 520 4127 averteret,
542 4043 681 4112 Romam
704 4046 861 4133 protectus
883 4065 958 4109 cum
985 4064 1111 4108 summo
1140 4042 1242 4130 ponti·

160 4129 219 4199 lice
241 4131 494 4214 communicavit.
532 4133 605 4218 Qua
627 4137 752 4223 cognita
772 4141 939 4223 postquam
949 4134 1042 4220 jussu
1056 4129 1172 4197 Leonis
1186 4127 1243 4197 IX.

163 4220 294 4291 coneilio
329 4219 506 4317 Romano‘)
534 4223 569 4290 Α.
600 4224 689 4291 1050
721 4223 859 4290 absentis
890 4221 1073 4374 3⁸¹⁸¹¹fii¹fi
1105 4219 1245 4287 doctrina
1354 4237 1356 4241 “
