2714 4912
555 285 864 385 *tu-¹

135 444 280 538 teugario
301 452 412 536 postea
433 443 546 511 initum
578 453 609 511 et
630 463 807 532 paucorum
832 442 1067 534 magistrorum·
1088 453 1217 515 senten-

133 536 193 602 tias
215 534 342 625 excipis,
361 534 405 605 ita
421 531 537 616 ualuit,
565 541 601 600 ut
628 554 754 604 summo
784 531 1028 600 clarissimorum
1049 529 1217 626 theologo-

134 644 208 692 rum
228 625 345 716 ingenii
366 624 513 689 acumine
541 630 573 688 et
600 643 756 712 paparum
778 620 907 689 decretis
936 620 1121 713 probaretur
1141 645 1217 714 per·

135 711 252 783 multis.
295 712 420 779 Etenim
448 733 513 781 non
541 708 646 777 solum
672 709 895 778 nonnullormn
923 720 1064 801 patrum,
1093 714 1149 801 qui
1177 710 1219 780 ad

137 799 292 892 ejusmodi
313 799 468 892 dogmatis
490 798 721 867 similitudinem
750 809 962 882 accessenmt,
993 801 1219 890 sententiarum

137 888 295 980 quaedam
322 890 482 972 sanctitas,
516 886 573 956 sed
601 889 694 955 etiam
720 886 804 956 illius
831 890 901 980 ipsa
920 896 1041 955 ‘natura
1068 891 1218 972 stratio,

138 1001 221 1068 quae
245 977 284 1045 ad
299 979 421 1045 animos
435 1000 546 1045 eorum
561 977 860 1058 accommodaretur,
884 979 938 1067 qui
952 976 1046 1044 rebus
1061 976 1121 1043 sub
1138 980 1217 1046 ocuss

136 1064 241 1134 lorum
264 1066 447 1159 adspectum
470 1064 650 1133 cadentibus
666 1068 818 1157 majorem
833 1065 926 1133 iidem
940 1064 1097 1148 haberent,
1121 1089 1228 1158 quam,

137 1178 221 1246 quae
242 1167 348 1224 mente
370 1179 389 1223 a
410 1155 553 1223 sensibus
570 1153 762 1246 sejungenda
778 1157 999 1247 percipiuntur,
1021 1157 1089 1246 ejus
1105 1166 1218 1224 aucto-

113 1283 115 1290 >
136 1247 261 1312 ritatem
282 1244 367 1337 apud
417 1243 582 1335 epulum
602 1243 655 1312 vel
673 1244 810 1313 maxime
830 1255 991 1311 auxerunt
1013 1243 1119 1334 Atque
1142 1267 1219 1312 cum

139 1333 228 1401 inde
244 1335 304 1424 ipsi
318 1268 455 1424 tlreologi
471 1335 617 1416 oriantur,
639 1343 670 1401 et
690 1333 773 1400 illius
789 1332 943 1425 religionis
960 1343 1014 1401 aut
1030 1334 1146 1402 veritas
1164 1344 1219 1402 aut

68 1467 70 1472 -
137 1421 325 1514 perversitas
346 1423 477 1489 maximi
497 1423 650 1490 momenti
667 1424 705 1490 sit
722 1422 762 1489 ad
776 1434 915 1490 mentem
933 1445 1053 1505 eorum,
1077 1424 1132 1512 qui
1149 1424 1218 1513 ejus

102 1523 105 1529 '
138 1512 291 1579 rationem
314 1510 355 1580 ad
384 1521 483 1579 artem
506 1521 537 1579 et
564 1522 732 1603 praecepta
764 1523 928 1580 revocant:
962 1510 1033 1579 illos
1050 1510 1220 1579 ‘ecelesiae

105 1640 109 1649 ι
137 1599 290 1683 doctores,
313 1624 450 1692 quorum
464 1610 555 1668 esset
577 1603 644 1691 ejus
661 1600 809 1693 dogmata
830 1611 860 1668 et
876 1598 1045 1692 intelligere
1063 1611 1093 1669 et
1110 1599 1217 1668 deten-

137 1687 220 1773 dere,
240 1690 273 1757 in
295 1689 643 1758 transsubstantiationis
665 1714 770 1758 errore
790 1700 961 1772 versantes,
983 1691 1084 1781 magis
1099 1691 1217 1781 magis-

137 1800 204 1868 que
223 1781 402 1871 turpissima
430 1780 649 1871 superstitione
676 1779 815 1846 imbutos
842 1802 926 1860 esse,
956 1780 1025 1868 quis
1054 1789 1115 1861 est,
1143 1778 1219 1869 quin

137 1866 310 1958 intelligat?
321 1907 366 1924 -ν
383 1868 448 1952 Qui
465 1869 559 1959 primi
570 1869 639 1957 ipsa
653 1866 816 1936 Paschasii
831 1868 932 1935 aetate
953 1869 1021 1958 ejus
1041 1878 1146 1959 partes
1167 1891 1216 1934 se-

138 1957 322 2044 quebantur,
337 1958 456 2048 quique
471 1959 655 2025 sententiam
676 1961 864 2025 contrariam
885 1955 1026 2024 refellere
1044 1954 1218 2039 studebant,

135 2045 159 2112 ii
180 2043 220 2113 ad
240 2067 342 2113 unum
365 2068 476 2113 omnes
499 2045 680 2129 doctrinam,
702 2055 739 2112 ut
760 2048 803 2113 ita
826 2044 938 2127 dicam,
962 2045 1138 2136 simplicem
1155 2056 1217 2114 tra·

136 2131 252 2201 debant
273 2145 304 2209 et
326 2133 365 2202 ab
388 2159 436 2218 eo,
459 2159 522 2224 quo
546 2137 592 2202 uti
619 2133 774 2218 solebant,
803 2136 857 2225 qui
880 2133 1218 2205 Scholasticorum

136 2224 265 2291 nomine
286 2235 448 2306 vocantur,
470 2226 609 2314 captioso
634 2227 855 2319 quaestionum
884 2247 999 2315 genere
1022 2222 1220 2291 abhorruisse

136 2311 288 2379 videniur.
333 2313 444 2381 Solam
467 2316 551 2380 enim
575 2312 730 2380 docebant
749 2311 1219 2392 transsubstantiationem-fieri,

138 2403 207 2490 ejus
228 2425 304 2468 vero
327 2412 486 2483 naturam,
516 2413 546 2469 et
575 2425 657 2492 quae
683 2401 756 2468 inde
785 2412 1004 2492 sequerentur,
1034 2401 1221 2492 perscrutari

35 2507 37 2511 ·
137 2489 326 2556 omittebant
371 2489 505 2558 Etenim
525 2514 601 2557 cum
632 2514 704 2558 eam
732 2501 797 2557 tam
826 2492 939 2556 miram
968 2501 1000 2558 et
1027 2489 1221 2581 singularem

137 2599 210 2644 esse
233 2579 442 2670 opinarentur,
464 2589 501 2645 ut
524 2603 652 2646 omnem
673 2579 893 2670 intelligentiae
915 2577 1074 2646 humanae
1101 2582 1169 2647 'vim
1191 2588 1221 2647 et

90 2724 91 2729 ,
136 2668 298 2735 notionem
326 2671 457 2759 fugeret,
480 2667 555 2735 nihil
577 2667 661 2736 aliud
682 2668 814 2753 nisiDei
837 2669 1092 2758 omnipotentiam
1115 2679 1219 2736 muta-

136 2749 227 2823 tionis
250 2780 382 2825 causam
403 2757 581 2824 habendam
605 2781 674 2825 esse
697 2757 852 2825 docebant
869 2780 986 2846 easque
1005 2758 1221 2849 proponebant

78 2844 80 2850 ’
136 2848 430 2940 argumentationes,
460 2847 574 2936 quibus
602 2848 670 2938 ipse
697 2847 891 2915 Paschasius
920 2847 953 2913 in
974 2845 1062 2928 libro,
1093 2845 1133 2914 de
1156 2869 1219 2936 quo

134 2954 231 3024 supra
253 2933 397 3016 dirdmus,
419 2958 497 3001 usus
520 2944 592 3007 erat.
626 2936 680 3003 sic
700 2937 783 3009 enlm
794 2935 1011 3023 Hincmar·)
1032 2937 1066 3002 in
1083 2937 1220 3028 imagine

133 3025 251 3112 panem
273 3045 330 3112 per
352 3022 548 3094 sacerdotem
571 3023 686 3094 Christi
705 3026 805 3114 ipsius
827 3022 898 3092 loco
922 3034 1141 3095 consecratum
1161 3046 1218 3092 ve·

132 3132 202 3177 ram
228 3111 343 3179 Christi
365 3134 493 3179 carnem
516 3136 586 3180 esse
608 3115 737 3204 putavit,
759 3137 823 3180 non
846 3137 910 3204 quo
934 3112 1072 3180 similiter
1100 3137 1138 3181 ac
1160 3136 1218 3205 po-

26 3276 28 3281 ,
133 3209 203 3265 stea
225 3197 385 3267 Lutherus
405 3201 444 3268 de
467 3224 558 3267 sacra
580 3224 679 3269 coena
701 3203 839 3283 senserit,
867 3199 924 3268 sed
946 3202 1219 3271 transsubstantia-

133 3289 225 3354 tionis
254 3292 419 3366 notionem,
443 3289 485 3356 illi
513 3289 543 3357 lo
591 3291 660 3362 endi
688 3288 843 3359 formulae
870 3291 1013 3380 injecisse
1034 3291 1221 3383 intelligitur.

133 3374 285 3467 Namque
306 3380 451 3470 imaginis
481 3314 635 3448 vocabulo
665 3379 847 3471 usurpando
881 3379 957 3447 nihil
979 3380 1062 3451 aliud
1083 3383 1143 3448 nisi
1164 3403 1220 3448 ex·

132 3474 256 3533 ternam
279 3470 418 3558 speciem
441 3467 616 3558 significare
637 3467 744 3550 voluit,
769 3493 865 3560 quam
889 3471 1009 3536 etiamsi
1024 3472 1146 3537 interna
1162 3493 1220 3538 na·

133 3564 205 3620 tura
227 3567 409 3640 mutaretur,
432 3567 539 3625 tamen
561 3559 769 3625 manere‘sibi
791 3568 996 3648 persuaserat.
1029 3558 1145 3646 Neque
1164 3557 1220 3626 ali·

133 3651 182 3708 ter
203 3640 406 3729 judicandum
429 3657 476 3713 est
498 3644 537 3713 de
559 3646 811 3737 Haymone,¹’)
840 3647 894 3738 qui
921 3645 1101 3719 transeundi
1123 3647 1221 3723 verbo

132 3732 165 3803 in
188 3730 276 3814 locis,
297 3757 378 3823 quos
400 3737 480 3802 intra
493 3734 680 3817 afferemus,
704 3759 742 3804 ea
763 3737 916 3803 sententia
939 3758 1016 3808 usus
1034 3743 1090 3816 est,
1112 3744 1149 3801 ut
1162 3761 1220 3804 ve-

133 3819 355 3979 qisimillimum
388 3824 441 3906 sit,
476 3847 585 3893 veram
618 3825 992 3897 transsubstantiationem
1026 3824 1093 3913 ejus
1126 3826 1223 3892 luisse

157 3911 316 3983 octo-inam.

208 4077 240 4133 a)
258 4081 381 4128 urnomar
400 4081 480 4137 noter.
499 4085 531 4130 u.
550 4084 583 4130 ad
601 4082 720 4130 carolum
738 4084 837 4129 calvum
856 4091 894 4135 cp.
914 4081 969 4125 xit.
995 4082 1025 4127 de
1044 4080 1162 4128 cavendis
1180 4081 1220 4127 vi·

135 4148 178 4197 tiis
196 4155 222 4202 et
240 4151 374 4203 virtutibus
392 4150 559 4202 exercendis!
585 4154 623 4201 ct.
642 4153 752 4200 ilistotre
771 4151 882 4201 lttirslre
899 4151 931 4198 tte
949 4154 976 4200 le
993 4156 1090 4202 uranos
1114 4157 1167 4196 tom
1185 4152 1219 4200 V.

136 4231 162 4280 p.
180 4220 240 4267 544.
269 4223 388 4279 basnage
406 4224 510 4271 histoire
528 4226 559 4270 de
576 4222 674 4278 t'egttee
692 4235 717 4279 p.
736 4221 798 4270 913.

171 4342 188 4350 „
207 4283 235 4352 t)
254 4293 353 4352 myrra
371 4294 397 4344 tn
415 4300 527 4345 creemur
543 4294 574 4340 ue
593 4304 661 4351 corp.
684 4299 710 4342 ot
727 4303 799 4352 sang.
817 4296 907 4360 Item,
929 4297 974 4354 qut
996 4299 1035 4344 eet
1056 4293 1222 4350 tressmeotun
