2714 4912
498 328 500 333 s
611 288 861 378 '‘9⁰-

216 483 272 545 aut
291 470 484 551 immutetur,
510 468 722 537 necessarium
751 470 823 551 erit,
851 487 910 534 vos
937 465 1041 550 fateri,
1070 477 1125 537 ant
1144 467 1187 552 id,
1209 471 1297 563 quod

215 561 356 642 sumatis,
376 581 441 628 non
462 580 533 626 esse
552 578 667 624 verum
688 571 821 648 corpus,
848 553 905 625 sed
931 554 1032 624 solam
1058 554 1212 650 figuram,
1240 572 1297 630 aut

213 671 398 811 perversam
424 645 518 716 iidem
544 655 698 729 vestram,
723 648 868 737 spiritum
896 654 1041 717 sanctum
1067 646 1101 716 in
1127 646 1206 717 illud
1229 672 1296 724 non

236 738 430 820 escendisse,
458 746 513 805 ant
540 734 657 805 Ciuisti
682 759 720 805 co
759 759 798 805 ns
832 745 906 806 ante
931 739 1193 808 resurrectionem
1221 761 1293 809 cor-

212 830 350 919 ruptioni
371 827 548 917 subjectum
574 826 679 894 inisse.
756 849 809 895 am
837 821 1021 894 immortalis
1048 837 1160 897 natura
1188 850 1296 920 neque

213 918 372 998 scinditur,
391 939 498 1008 neque
518 914 615 985 latere
637 924 670 983 et
690 914 837 985 manibus
859 915 1056 997 vulneratur,
1081 917 1197 985 necin
1219 941 1293 1009 par·

213 1018 261 1077 tea
282 1006 444 1088 dividitur,
472 1028 534 1075 nec
559 1005 653 1074 morti
675 1002 793 1073 daturf‘
835 1002 887 1073 Ex
903 1025 980 1094 ·quo
1007 1002 1079 1075 loco
1107 1002 1293 1076 luculentia·

211 1099 293 1166 sime
312 1093 410 1164 intelli
432 1097 502 1178 tur,
522 1094 724 1165 Arrestasium
750 1117 815 1165 non
842 1092 947 1163 solum
975 1095 1186 1184 praesentiam
1216 1096 1292 1166 snb·

209 1186 387 1253 stantialem
431 1185 565 1266 senisse,
586 1183 642 1255 sed
662 1185 768 1275 ipsum
783 1184 1130 1253 tramsubstantiationis
1144 1208 1293 1255 errorem.

212 1274 385 1361 Quomodo
406 1275 492 1343 enim
514 1273 684 1342 admonere
706 1274 815 1363 potuit,
835 1283 872 1341 ut
892 1271 1099 1343 eucharistiae
1119 1275 1293 1365 pademin

210 1387 288 1432 vaso
317 1374 540 1433 conservarent
563 1362 724 1444 haeretici,
759 1364 819 1432 nisi
846 1385 919 1431 cam
953 1361 1080 1452 ipsius
1108 1366 1294 1454 corporis

210 1453 359 1523 Christi
381 1461 504 1545 partem
525 1474 606 1533 esse,
633 1450 836 1540 opinaretur?
870 1450 1042 1535 Quomodo
1070 1474 1111 1520 ex
1136 1451 1291 1520 Euchari-

209 1544 268 1610 stia
289 1549 489 1631 putrescente
509 1542 611 1632 potuit
632 1541 732 1632 sequi,
754 1550 791 1607 ut
813 1538 929 1609 Christi
956 1561 1071 1631 corpus
1093 1540 1293 1632 conuptibile

209 1643 302 1714 esset,
324 1641 380 1698 aut
400 1653 464 1697 non
487 1640 580 1712 esset,
601 1629 661 1697 nisi
683 1651 722 1696 ea
742 1630 776 1696 in
798 1628 914 1698 Christi
935 1651 974 1698 co
1014 1653 1051 1696 us
1074 1633 1292 1698 transformata

208 1744 279 1788 esse
300 1717 484 1811 putaretur?
504 1719 580 1786 Non
600 1719 695 1810 igitur
716 1717 892 1786 audiendus
914 1730 963 1788 cst
975 1651 1216 1810 Tarroqniusst’)
1238 1722 1292 1811 qui

207 1811 306 1900 ipsius
329 1808 481 1876 ecclesiae
504 1807 678 1875 doctrinam
700 1806 739 1873 ab
762 1807 925 1876 Anastasio
948 1808 1092 1876 traditam
1119 1831 1189 1876 esse
1211 1832 1290 1877 con·

206 1899 336 1968 tendere
353 1896 457 1978 audet,
473 1919 570 1986 quem
585 1897 654 2052 ipse
664 1895 872 1986 Basnageius,
895 1899 950 1989 qui
960 1894 1045 1965 haud
1055 1920 1126 1967 raro
1147 1896 1291 1989 ejusdem

206 1987 389 2057 temeritatis
418 1985 560 2054 accusari
608 1985 702 2066 ebet,
722 1985 874 2053 refutavit
920 1987 1038 2055 Contra
1064 2010 1140 2056 vero
1167 1986 1292 2057 Natalis

179 2073 413 2156 ‘Alexanderlt
443 2084 476 2141 et
501 2071 688 2161 Amddusl)
722 2073 913 2144 catholicum
941 2074 1291 2145 transsubstantiationis

206 2163 324 2256 dogma
345 2185 421 2233 cum
443 2162 625 2255 probavisse
640 2165 835 2254 argumentis
856 2167 930 2232 satis
944 2162 1051 2233 multis
1069 2163 1169 2233 allatis
1184 2175 1289 2234 osteu-

205 2253 326 2324 derunt
363 2251 481 2343 Neque
503 2264 567 2321 non
588 2253 770 2321 universam
792 2252 959 2322 ecclesiam
980 2275 1128 2343 graecam
1146 2253 1289 2345 ejusdem

205 2345 376 2413 sententiae
402 2344 518 2424 fuisse,
545 2363 587 2409 ex
614 2340 736 2410 concilii
764 2342 948 2426 Qairiseati.
967 2365 1089 2413 canone
1117 2345 1288 2415 centesimo

204 2436 307 2526 primo
328 2432 440 2521 conjici
459 2440 577 2520 potest,
606 2453 670 2522 quo
698 2428 889 2512 „Christum
906 2429 1016 2501 bibens
1043 2430 1097 2501 vei
1118 2432 1289 2501 comedens

204 2533 351 2590 aeternae
371 2522 454 2587 vitae
476 2520 651 2610 adaptare“
678 2518 807 2602 dicitur,
838 2523 896 2589 etsi
917 2520 955 2590 iis
969 2520 1125 2612 ¹loquendi
1146 2521 1289 2591 iormuiis

203 2634 269 2680 non
284 2611 378 2678 nimis
393 2608 529 2677 multum
545 2609 638 2678 tribui
651 2607 751 2678 debet
772 2608 882 2702 Itaque
893 2633 967 2679 crim
979 2612 1019 2680 ad
1037 2613 1220 2681 mihersnm
1233 2635 1287 2681 ec·

203 2701 333 2771 alesiam
347 2699 513 2781 Graecam,
529 2722 576 2780 ea,
591 2722 675 2789 quae
689 2699 786 2767 modo
799 2698 838 2767 ab
845 2701 1009 2768 Anastasio
1026 2701 1188 2791 proposita
1206 2711 1288 2782 suni,

203 2800 240 2858 nt
260 2792 444 2871 referamus,
465 2810 584 2856 causae
605 2811 670 2856 non
692 2790 766 2855 satis
787 2786 909 2857 maritae
923 2799 1154 2871 commoveant,
1169 2793 1287 2859 recus-

201 2881 320 2946 si'mnm
338 2876 492 2966 judicium
513 2879 616 2945 iacere
644 2877 735 2946 nobis
755 2877 915 2960 videmur,
943 2880 971 2946 si
996 2877 1229 2948 inclinationem
1255 2880 1287 2948 in

200 2967 242 3050 id,
265 2968 351 3072 quod
369 2977 478 3056 postea
495 2965 685 3049 tradebatur,
698 2967 1049 3036 transsubstantiationis
1065 2969 1184 3058 dogma
1199 2969 1286 3036 Ana·

201 3059 289 3125 stasis
310 3065 411 3123 aetate
432 3056 530 3122 fuisse
551 3056 778 3138 contendimus,
800 3067 836 3124 ut
854 3059 950 3125 animi
967 3057 1007 3125 ad
1025 3056 1285 3126 eam-doctrinam

200 3148 296 3240 priori
316 3142 570 3237 anteponendam
591 3148 730 3214 maxime
751 3147 927 3239 praeparati
943 3147 1043 3214 'fuisse
1066 3147 1190 3218 dicendi
1211 3149 1280 3214 sint

242 3372 244 3379 Α
272 3312 303 3371 a)
322 3319 382 3369 ltrat
400 3315 555 3362 Anastasius
572 3314 670 3364 stnmta
684 3316 857 3365 Alexandriae
875 3315 1027 3379 patriarcha,
1046 3318 1077 3365 da
1095 3329 1144 3373 nan
1164 3318 1284 3372 nihata-

198 3380 232 3436 li‘a
250 3388 396 3434 Alexander
413 3389 481 3432 'rom
500 3386 533 3432 V.
551 3398 576 3443 p·
595 3387 708 3434 lot-8.
745 3389 875 3442 Lunaque
893 3399 915 3442 p.
935 3388 995 3435 832.
1033 3424 1035 3432 ,

227 3454 253 3475 ”’
271 3455 300 3511 tr)
319 3461 450 3513 Larroone
468 3456 572 3503 histoire
590 3458 621 3503 tte
637 3458 815 3504 l¹nuclrartstlc
832 3470 856 3515 p.
877 3451 1026 3505 eal-eea
1089 3508 1091 3515 ,

243 3558 246 3563 -
271 3527 300 3579 ci
319 3529 417 3581 Natalis
435 3527 580 3574 Alexander
598 3531 667 3574 'l'om
678 3529 711 3574 v.
730 3541 754 3584 p.
771 3529 920 3576 408-409,
955 3531 1077 3578 Bossuct:
1095 3528 1240 3583 litalsltnng
1256 3527 1282 3573 lo

199 3601 240 3646 die
256 3601 406 3648 Gescnieltto
424 3601 467 3650 dar
486 3602 555 3645 Walt
572 3601 622 3645 und
639 3599 755 3656 Religion
771 3600 919 3656 iartzcsatat
940 3613 992 3648 von
1010 3603 1123 3650 Cramer.
1159 3602 1232 3648 lom.
1250 3599 1282 3647 V·

198 3673 228 3719 P·
249 3673 271 3717 i·
290 3683 315 3725 βο
334 3674 393 3717 2¹⁷·

221 3746 229 3757 “·
270 3735 298 3801 d)
317 3740 460 3789 Arnanltl
483 3742 515 3787 la
537 3739 720 3796 nerpttuttt
750 3743 785 3788 de
803 3745 835 3789 la
858 3743 904 3789 toi
927 3743 961 3789 de
984 3741 1110 3798 ltaliae
1134 3739 1281 3788 catholi-

198 3824 258 3870 qna
276 3816 427 3861 touchant
445 3812 684 3861 1¹ltuclrarlstie.
720 3814 790 3861 snite
808 3814 841 3860 du
859 3817 929 3863 lom.
947 3816 968 3860 l.
986 3825 1011 3871 p.
1029 3812 1091 3862 668.
1119 3822 1122 3828 ⁴

688 3996 717 4082 §.
741 3994 795 4066 30ss
1138 4072 1141 4077 ¹

229 4128 233 4137 '
284 4119 434 4188 Secundo
457 4141 533 4188 vero
556 4117 627 4187 loco
654 4118 864 4189 nominandus
885 4117 1028 4188 Joanncs
1047 4116 1280 4200 Damascenus,

108 4197 110 4205 ’
196 4207 349 4278 ecclesiae
373 4209 515 4278 Graecae
545 4207 654 4277 doctor
678 4204 731 4272 vel
760 4207 899 4274 martinse
924 4205 1068 4291 illustris,
1099 4205 1278 4297 „Caiphae

196 4299 337 4391 primum
357 4296 552 4371 consiliarius
574 4307 608 4368 et
622 4295 776 4380 minister,
797 4295 974 4371 monachus
990 4297 1102 4372 deindo
1117 4297 1152 4367 in
1170 4293 1278 4373 Laura
