2714 4912
488 314 797 385 ,-23-

153 471 309 563 dogmatis
335 471 384 538 sui
404 471 517 538 veritas
544 471 671 562 ipsein
699 490 855 537 consensu
882 479 1006 558 patrum
1032 454 1156 562 magna
1173 492 1214 539 ex

108 610 111 623 .
154 570 243 651 porte
265 561 410 640 consistit,
430 582 544 650 parurn
564 569 671 625 tamen
691 554 845 626 laudabile
871 555 935 626 hoc
958 581 999 626 ne
1022 562 1120 629 otium
1138 582 1213 650 pro-

152 649 336 716 testantibus
357 647 599 716 existimandum
621 655 676 728 est,
698 667 832 735 quorum
853 645 928 713 fides
950 657 982 715 et
998 583 1138 716 doctrina
1149 668 1228 736 non¹

152 739 188 805 in
208 739 413 806 consensione
434 738 577 803 omnium
597 743 660 800 tem
683 757 774 810 orum
800 737 900 824 posita
921 746 983 818 est,
1010 737 1107 802 immo
1136 759 1212 803 vero
1306 798 1307 802 ,
1346 791 1351 797 .

152 829 187 895 in
209 826 398 894 dissensione
418 823 618 892 multorum.“
659 758 794 913 broprs
820 821 909 890 illurn
935 835 1042 893 autem
1065 835 1213 892 conatum

152 937 271 982 vanum
293 924 326 982 et
345 936 540 1008 perversum,
561 935 679 995 eorum,
702 913 756 1002 rpri
777 912 816 979 de
832 911 960 978 historia
975 915 1215 981 sacramentalia
1237 954 1241 969 ·

151 1005 360 1095 scripserunt,
385 999 602 1092 theologorum
631 1002 658 1067 si
677 1024 879 1068 recensemus
898 998 1008 1082 libros,
1033 1000 1213 1069 molestissi-

152 1114 227 1181 mus
241 1094 345 1183 potius
361 1091 459 1173 labor,
481 1113 574 1180 quarn
589 1087 633 1155 ad
644 1100 770 1179 patrum
785 1091 953 1182 sententias
974 1089 1121 1157 obscuras
1136 1114 1211 1181 ape·
1265 1159 1269 1170 ,
1284 1139 1287 1151 .

152 1180 278 1249 riendas
301 1181 512 1270 adjumentum
533 1177 623 1247 nobis
636 1179 785 1245 imbuitur.
805 1177 955 1268 Namque
967 1180 1079 1270 ingens
1092 1181 1212 1248 acumi-

152 1270 203 1336 nis
225 1266 382 1349 subtilitas,
409 1291 471 1358 qua
496 1266 622 1359 plurimi
648 1267 687 1335 de
708 1290 748 1334 ea
767 1291 803 1337 re
816 1269 990 1358 scriptores
1010 1266 1214 1368 praestabant,

154 1360 322 1446 quominus
338 1380 468 1424 veram
483 1359 667 1424 sententiam
686 1355 899 1449 intelligerent,
921 1358 1139 1448 gravissimum
1153 1353 1212 1422 ha·
1270 1394 1273 1403 «

153 1444 291 1513 bendum
307 1457 355 1513 est
369 1444 643 1536 impedimentum
660 1485 704 1496 --
720 1444 878 1535 probabile
888 1449 982 1538 igitur
997 1469 1067 1524 esse
1081 1445 1213 1527 videtur,
1256 1478 1259 1483 ·
1280 1488 1283 1493 -

153 1532 682 1624 quodidemMarheineckeius
704 1534 743 1601 de
765 1532 842 1601 libro
865 1559 922 1601 suo
933 1538 1070 1625 ingenue
1086 1531 1211 1624 prolite-

152 1623 394 1706 tur:„Quamvis
402 1632 465 1689 tota
476 1619 771 1689 voluminainhanc
782 1621 1221 1712 disputationemimpendisse'

151 1709 268 1777 multos
290 1713 523 1793 sciamnmen
544 1714 648 1778 forsan
665 1710 746 1778 hanc
761 1721 898 1777 nostram
914 1713 1111 1800 scriptionem
1127 1709 1213 1777 haud

150 1797 244 1890 plane
264 1823 531 1890 supervacaneam
553 1799 734 1867 eruditiores
762 1798 996 1880 existimabunt,
1027 1823 1100 1867 cum
1128 1800 1212 1888 apud

151 1887 229 1955 alios
251 1898 292 1955 ex
313 1890 501 1955 Sanctorum
522 1900 647 1980 patrum
667 1891 845 1956 senntentiis
866 1898 1062 1968 coacervata,
1089 1889 1213 1977 rejecta,
1255 1908 1257 1917 ⁴

135 1956 288 2058 'defensa
310 1977 438 2057 detorta,
458 1977 492 2042 in
512 2000 607 2042 usum
629 2000 705 2043 suae
726 1979 925 2044 confessionis
945 1979 1050 2044 omnia
1063 1999 1213 2043 conversa

151 2067 219 2146 sint,
239 2068 272 2133 in
285 2063 355 2132 hoc
384 2067 496 2155 scripto
514 2067 733 2154 compositiora
750 2063 860 2131 saltem
874 2068 1033 2132 invenient
1049 2067 1127 2132 etin
1142 2088 1212 2132 me·

150 2153 262 2221 liorem
280 2154 420 2221 ordinem
436 2153 588 2221 redacta.“
621 2152 747 2236 Quade
763 2175 948 2219 causacum
965 2153 1005 2220 de
1028 2155 1212 2241 antiquae

152 2241 304 2315 ecclesiae
326 2243 477 2322 doctrina,
506 2251 542 2308 ut
562 2242 725 2309 uberius
748 2263 954 2331 exponerem,
980 2239 1057 2306 mihi
1079 2263 1147 2306 non
1174 2243 1214 2306 sit
1256 2310 1258 2315 ,

151 2354 207 2423 pro
231 2334 360 2412 ositum,
387 2329 538 2398 nonnulla
565 2349 672 2398 exea
698 2329 875 2397 doctissima
902 2330 1126 2409 dissertatione,
1161 2330 1214 2394 cui

151 2442 184 2488 m
220 2431 287 2487 tum
309 2444 368 2511 ego
390 2420 499 2501 debeo,
520 2419 691 2510 repetenda
710 2442 779 2486 esse
798 2420 923 2486 benseo.
952 2418 1061 2507 ltaque
1079 2419 1137 2485 etsi
1153 2415 1211 2483 dil-

146 2507 325 2576 licillimum
347 2519 402 2590 est,
424 2506 562 2599 singulas
582 2519 707 2598 patrum
728 2510 895 2575 sententias
917 2506 1094 2598 explanare,
1117 2506 1212 2599 quod,

152 2599 227 2687 quid
248 2599 386 2664 maxime
406 2599 566 2695 sepserint,
588 2621 689 2686 saepe·
704 2619 745 2663 ex
766 2621 838 2664 uno·
851 2595 1004 2664 vocabulo
1024 2596 1145 2663 diversa
1159 2618 1210 2662 ra-

150 2689 234 2753 tione
255 2686 403 2753 vertendo
425 2686 562 2776 pe'ndere
589 2685 725 2766 videtur,
752 2695 858 2751 tamen
883 2683 1000 2750 ultimis
1028 2685 1214 2773 antiquitatis
1251 2729 1257 2738 ι

152 2774 346 2843 Christianae
365 2774 558 2865 temporibus
576 2776 678 2841 varias
706 2773 809 2863 quide·
862 2773 900 2838 de
921 2771 1127 2839 Eucharistia'
1142 2773 1210 2860 opi-

151 2866 261 2930 niones
279 2865 440 2945 exstitisse,
454 2862 606 2930 sedeam
617 2864 810 2953 potissimum
844 2859 965 2942 aluisse,
981 2884 1063 2951 quae
1079 2860 1119 2926 ad
1135 2882 1210 2927 con-

152 2952 558 3041 versionem-quandam
590 2954 767 3041 specierum
799 2949 980 3031 inclinaret,
1014 2973 1054 3017 ne
1078 2951 1122 3016 ari
1147 2972 1212 3017 non
1301 2991 1304 3002 =

152 3063 245 3132 posse
267 3041 357 3109 duco.
388 3041 513 3108 Etenim
535 3042 677 3130 quamvis
694 3038 1038 3107 Marheineckeius
1056 2973 1128 3104 loco
1143 3036 1213 3104 libri

127 3208 134 3223 ι
153 3131 302 3198 adversus
312 3129 502 3198 Marcionem
509 3137 541 3216 ο),
563 3120 790 3197 Tertullianum
805 3126 1008 3219 symbolicam
1020 3135 1148 3192 ,tantum
1161 3127 1210 3192 in-

152 3223 402 3311 terpretationem
424 3220 586 3310 probasse,
608 3218 770 3285 ostendere
791 3227 928 3297 conetur,
949 3254 993 3264 -
1016 3213 1099 3302 quod
1118 3236 1213 3281 nemo

152 3318 409 3399 repraesentetur,
428 3312 448 3375 i.
471 3332 497 3374 e.
520 3330 667 3396 praesens
687 3306 842 3387 reddatur,
863 3307 921 3372 nisi
943 3303 1069 3383 absens:
1096 3300 1210 3369 nihilo-

152 3401 255 3466 minus
284 3420 360 3463 eum
387 3396 493 3463 locum
517 3401 673 3486 integrum
700 3394 900 3484 relinquens,
926 3390 1125 3478 Neanderot)
1159 3412 1210 3455 as·

152 3489 275 3567 sentior,
298 3486 352 3574 qui
372 3487 405 3552 in
425 3482 619 3551 Eucharistia
638 3484 768 3551 fruenda
796 3484 916 3550 arrimos
939 3480 1054 3548 Christi
1080 3500 1136 3546 cor
1158 3500 1213 3545 ore
1315 3558 1327 3573 ι

152 3585 184 3643 et
210 3577 363 3666 sanguine
396 3572 627 3663 quodammodo
660 3574 769 3662 tangi
806 3570 866 3637 alio
897 3567 969 3636 loco
1002 3567 1104 3635 eidem
1131 3501 1211 3635 len

151 3663 280 3732 tulliano
305 3665 392 3729 visos
412 3686 483 3729 esse
505 3661 653 3751 probavit.
694 3660 774 3727 Fere
793 3660 878 3727 idern
899 3659 939 3725 de
962 3657 1118 3748 Cypriane
1139 3681 1211 3725 sen-

150 3753 292 3820 tiendum
319 3776 388 3821 esse
411 3752 573 3830 arbitror,
593 3751 650 3817 etsi
679 3773 753 3816 eum
780 3748 913 3838 quidem
935 3770 1055 3814 meram
1082 3745 1210 3835 symbo-

151 3838 246 3908 licam
267 3843 475 3944 praesentiam
500 3837 702 3905 nonnullis
729 3837 806 3904 locis
833 3836 991 3919 docuisse,
1015 3833 1212 3904 verisimilius

151 3952 224 3998 esse
246 3928 443 4012 videatur,
466 3951 570 4018 neque
587 3926 673 3994 aliter
687 3928 727 3993 de
742 3926 908 4012 lrenaeo‘),
930 3928 984 4016 qui
1007 3935 1038 3991 et
1052 3927 1119 4013 ipse
1133 3945 1209 3988 con·

150 4018 351 4111 junctionem.
364 4020 501 4110 corporis
523 4028 554 4085 et
574 4017 731 4108 sanguinis
746 4014 952 4082 dominicum
968 4013 1130 4104 speciebus
1143 4009 1210 4076 Eu-
1227 4050 1232 4059 ·

130 4106 317 4184 .clraristiae
338 4111 445 4196 negari
465 4131 528 4174 non
549 4129 642 4197 posse
684 4106 789 4172 utavit
830 4104 1000 4194 Originesf)
1023 4109 1131 4203 autem
1152 4121 1209 4190 pa-

153 4219 229 4266 nem
249 4197 283 4263 in
305 4215 404 4261 coena
424 4218 523 4276 sacra,
543 4206 635 4285 prout
689 4220 706 4262 e
728 4204 776 4261 est
797 4216 854 4284 per
875 4216 919 4273 se,
946 4215 1009 4258 non
1029 4199 1134 4278 magni
1156 4211 1209 4255 ae·

154 4284 299 4367 elimavit,
320 4305 511 4372 omnemque
533 4285 600 4373 ejus
627 4285 691 4352 vim
718 4283 757 4353 ab
784 4282 947 4352 hominum
961 4279 1152 4369 ¹cogitatione
1180 4285 1226 4353 et,
1310 4282 1318 4291 ’
