2714 4912
565 319 786 389 ..rar-

138 476 310 564 horrerent,
330 490 362 550 et
375 478 422 547 'ut'
438 475 601 546 credentes
622 473 695 545 fidei
722 479 864 570 praemia
891 475 1045 570 ampliora
1072 477 1161 569 perci
1184 467 1224 533 v·

138 580 217 652 rent,
238 571 307 660 ipso
328 581 434 637 tamen
455 567 612 635 dominico
634 588 767 657 corpore
789 568 956 635 exsistente
976 569 1010 634 in
1030 564 1158 634 coelesti
1181 592 1222 636 us

140 657 181 724 ad
203 658 366 727 dexteram
387 658 483 749 patris
510 655 694 738 immortali,
721 655 879 739 inviolato,
905 658 1045 748 integro,
1072 657 1221 725 inconta-

139 748 267 830 minato,
287 745 406 827 illaeso,
427 756 463 812 ut
483 767 560 812 vere
582 743 643 812 dici
663 747 771 836 possit
798 755 830 813 et
850 748 956 837 ipsum
979 768 1104 835 corpus,
1134 746 1224 837 quod

139 834 323 928 devirgine
345 844 485 902 sumtum
507 844 564 916 est,
584 856 644 902 nos
659 857 793 902 sumere
819 845 852 902 et
878 846 984 902 tamen
1010 856 1077 901 non
1097 836 1222 923 ipsnrm

137 924 244 1013 ipsum
273 923 410 1015 quidem,
438 934 592 1014 quantum
619 920 660 990 ad
689 925 876 991 essentiam.
891 946 1068 1014 veraeque·
1086 933 1222 992 naturae

136 1014 371 1102 proprietatem,
392 1023 487 1103 atque
507 1021 676 1079 naturam:
690 1035 755 1080 non
775 1015 881 1101 ipsum
904 1022 1020 1094 autem,
1047 1013 1074 1079 si
1096 1022 1223 1101 spectes

137 1103 228 1258 [anis
254 1104 384 1193 vinique
412 1103 561 1192 speciem,
592 1110 760 1192 ceteraque
788 1103 935 1192 superius
963 1099 1221 1190 cornprehensa“

166 1193 313 1259 anfranco
335 1202 452 1273 autem,
473 1191 533 1257 etsi
554 1191 647 1256 etiarn
663 1200 734 1278 post
743 1189 977 1281 Berengarium
994 1190 1222 1258 sententiarum

137 1289 207 1347 erat
227 1279 444 1368 diversans),
465 1276 520 1346 lon
542 1302 560 1345 e
582 1277 710 1369 plurimi
728 1290 957 1360 consenserunt
969 1276 1112 1382 theologi
1121 1277 1220 1347 solm-

126 1365 246 1456 ¹lastici.
289 1368 440 1458 Namque
462 1302 664 1435 Hildebertus
686 1367 928 1454 Turonensisl),
957 1369 1013 1459 qui
1040 1390 1164 1458 prrnrus
1192 1377 1223 1436 et

136 1458 299 1525 notionem
321 1467 353 1524 et
368 1455 560 1524 vocabulum
580 1456 940 1539 transsubstantiationis,
960 1455 1046 1548 quod
1065 1457 1099 1522 in
1135 1465 1221 1524 oste-

135 1563 210 1614 rum
237 1544 377 1637 legitima
403 1544 486 1612 illius
514 1543 664 1612 mirabilis
692 1546 905 1613 conversionis
934 1555 1003 1613 erat
1029 1478 1223 1637 sigaiicatio,

135 1632 317 1702 adhibuisse
339 1634 528 1725 perhibetur,
550 1637 615 1701 fere
638 1632 750 1701 eadem
771 1636 908 1716 ratione,
937 1657 1002 1725 qua
1021 1632 1090 1716 ille,
1119 1657 1219 1723 quae-

135 1744 264 1813 cunque
286 1735 394 1792 contra
414 1722 503 1791 illam
524 1723 698 1791 doctrinam
727 1722 838 1791 disseri
867 1733 1034 1814 poterant,¹
1052 1725 1097 1791 ita
1125 1721 1220 1791 relel·

134 1807 231 1879 lenda
251 1816 383 1894 censuit,
404 1823 440 1880 ut
460 1836 525 1880 non
546 1810 660 1879 cadere
681 1835 754 1879 eam
774 1811 977 1880 contenderet
994 1814 1028 1879 in
1041 1806 1218 1904 irrtelligen·

135 1901 213 1966 tiam
233 1901 415 1968 humanam.
460 1902 597 1987 (Contra
624 1900 786 1990 Rupertus
807 1900 1006 1988 Turrensis)
1035 1902 1141 1968 minus
1167 1899 1217 1968 lu-

135 1986 279 2057 culenter
300 2013 373 2057 eam
394 1989 568 2059 doctrinam
589 1989 691 2072 tradit,
721 1999 850 2058 etcum
878 1990 1050 2058 substantia
1070 1991 1163 2078 panis
1190 2000 1220 2056 et

135 2078 202 2144 viui
222 2101 286 2146 non
308 2089 429 2147 mutata
449 2090 557 2147 tamen
580 2101 696 2167 corpus
718 2089 751 2146 et
771 2081 959 2170 sanguinem
982 2076 1101 2146 Christi
1120 2077 1160 2146 alr
1181 2080 1218 2146 iis

135 2167 263 2235 comedi
282 2168 408 2250 doceat,
434 2171 468 2236 in
498 2169 612 2259 quibus
632 2167 713 2235 tides
739 2169 793 2249 sit,
820 2191 860 2236 ea
887 2169 1020 2257 profert,
1045 2189 1128 2258 quae
1155 2190 1218 2235 non

134 2251 231 2348 longe
253 2279 273 2324 a
294 2257 425 2325 Lutheri
451 2259 604 2325 sententia
632 2256 742 2324 abesse
768 2256 943 2343 videntur.)
985 2256 1133 2340 Quorum
1160 2254 1216 2323 ho·

135 2345 260 2411 minum
283 2349 498 2413 auctoritatem
521 2354 659 2427 secutus,
680 2345 795 2413 Petrus
809 2344 1046 2428 bombardus‘),
1068 2345 1217 2436 magister
1251 2392 1260 2398 -

135 2436 377 2517 sententiarum,
405 2457 477 2501 eam
498 2437 584 2502 viam
605 2435 768 2526 ingressus
796 2444 859 2515 est,
888 2457 985 2526 quam
1013 2435 1079 2500 fere
1103 2456 1217 2502 omnes

1 2551 10 2566 ·
134 2519 288 2589 ecclesiae
317 2523 461 2591 doctores
489 2533 600 2614 postea
626 2525 769 2590 mierunt
818 2521 848 2590 ls
875 2527 961 2591 enim
988 2520 1029 2588 de
1056 2523 1215 2590 transsub-

133 2612 340 2679 stantiationis
361 2623 483 2695 natura,
506 2635 589 2702 quae
609 2611 677 2680 fieri
699 2622 883 2703 potuerunt,
912 2612 1056 2700 spinosas
1083 2611 1214 2679 interro·

5 2697 8 2703 ’
158 2701 278 2768 ationes
299 2699 472 2769 dissolvere
493 2711 624 2769 conatus
646 2712 694 2768 est
715 2699 897 2789 permrdtas.
942 2700 1117 2768 Conversio
1147 2701 1215 2790 qui·

133 2722 220 2870 iem,
249 2789 350 2880 qualis
372 2793 419 2872 sit,
447 2790 586 2858 formalis
608 2814 649 2857 an
671 2788 896 2871 substantialis,
925 2789 983 2856 etsi
1004 2787 1132 2857 delinire
1153 2812 1215 2858 non

131 2876 239 2958 audet,
260 2888 368 2945 tamen
390 2879 561 2946 accidentia
582 2881 649 2945 sine
671 2879 810 2969 subjecto
839 2880 1004 2960 exsistere,
1032 2887 1065 2948 et
1091 2879 1215 2947 tractio·

132 2985 210 3032 nem
232 2976 264 3032 et
290 2968 486 3054 partitionem
513 2991 578 3035 non
603 2969 637 3034 in
664 2968 837 3035 substantia
864 2969 1017 3056 corporis,
1053 2965 1215 3071 quod-in·

133 3053 334 3144 corruptibile
355 3057 403 3137 sit,
426 3055 481 3123 sed
502 3059 535 3124 in
556 3059 626 3147 ipsa
647 3058 748 3124 forma
770 3054 995 3125 sacramentali
1007 3055 1075 3124 lien
1088 3061 1215 3147 putatsst

131 3140 250 3232 Neque
271 3166 349 3211 vero
369 3143 515 3212 infitiatur
543 3169 563 3213 a
585 3143 677 3211 malis
702 3167 805 3235 aeque
827 3156 922 3235 atque
945 3166 965 3210 a
986 3143 1077 3213 bonis
1098 3167 1214 3234 corpus

129 3228 254 3298 domini
275 3235 373 3316 sumi,
403 3235 443 3302 ab
471 3233 520 3302 his
547 3257 612 3300 non
633 3232 730 3300 modo
751 3230 1030 3325 sacramentaliter,
1055 3235 1077 3301 'a
1099 3257 1127 3303 e.
1157 3231 1215 3301 sub

121 3323 241 3411 ‘specie
261 3321 373 3391 visibili
393 3346 521 3392 cornera
538 3321 655 3390 Christi
675 3321 715 3389 de
735 3323 857 3425 virgine
879 3332 1019 3391 sumtum
1040 3333 1072 3393 et
1086 3323 1214 3414 sangui·

132 3428 209 3477 nem
231 3432 288 3500 pro
310 3410 401 3480 nobis
414 3415 530 3493 insum,
552 3409 688 3479 sednon
702 3420 881 3501 mystreum.
909 3411 1016 3480 Nihilo
1032 3423 1138 3480 tamen
1152 3412 1213 3479 mi·

132 3519 196 3565 nus
217 3523 253 3566 se
273 3523 339 3568 non
361 3524 473 3570 omnes
495 3498 690 3568 difficultates
707 3525 856 3568 amovere
874 3524 969 3592 posse
989 3499 1213 3591 profitetur.-

132 3584 253 3676 ltaque‚
274 3580 310 3657 rit
330 3592 399 3682 ipse
421 3599 658 3672 commemorat,
680 3589 799 3658 multae
822 3589 861 3656 de
883 3591 1096 3666 conversionis
1118 3587 1214 3657 modo

134 3685 222 3743 ortae
241 3690 314 3746 sunt
335 3681 522 3758 sententiae,
552 3702 627 3746 curn
655 3676 706 3745 alii
727 3702 799 3746 eam
822 3681 867 3746 sic
888 3676 1122 3768 intelligendam
1144 3701 1215 3746 esso

133 3765 345 3854 opinarentur,
366 3779 403 3836 ut
423 3767 482 3836 sub
502 3767 562 3835 illis
585 3766 804 3849 accidentibus,
826 3768 885 3838 sub
907 3767 1021 3859 quibus
1041 3769 1129 3857 prius
1149 3775 1216 3835 erat

133 3853 307 3921 substantia
351 3859 419 3922 anis
441 3867 472 3923 et
497 3858 570 3937 vini,
592 3857 625 3922 in
647 3860 878 3949 praejacentem
908 3857 1072 3922 materiam
1100 3854 1215 3924 resolvi

133 3941 186 4010 vel
207 3945 240 4010 in
338 3967 393 4010 um
415 3944 522 4035 redigi,
545 3945 597 4011 alii
618 3956 726 4011 autem
752 3955 910 4035 putarent,
938 3944 981 4011 ibi
1007 3944 1215 4012 substantiam

133 4033 224 4120 panis
247 4043 278 4100 et
296 4033 361 4100 vini
383 4056 547 4100 remanere
569 4044 601 4101 et
614 4033 738 4102 ,ibidem
760 4057 830 4101 esse
851 4057 967 4123 corpus
982 4045 1014 4101 et
1027 4032 1214 4122 sanguinem

134 4119 265 4187 Christi:
300 4131 333 4188 et
354 4120 414 4188 hac
434 4123 555 4189 ratione
583 4121 643 4187 dici
674 4120 760 4187 illam
789 4123 992 4190 substantiam
1019 4120 1085 4187 lieri
1110 4119 1213 4202 istam,

134 4209 209 4311 quia
229 4211 284 4277 ubi
306 4221 389 4278 esset
410 4208 499 4291 haec,
523 4218 660 4276 essetet
679 4208 741 4293 illa,
768 4221 800 4278 et
820 4210 907 4279 illam
929 4209 1131 4279 substantiam
1153 4233 1211 4301 pa-

135 4318 185 4367 nrs
206 4307 239 4365 et
259 4301 323 4370 vini
344 4324 416 4370 esse
437 4307 676 4375 sacramentum
704 4339 748 4355 --
776 4298 953 4389 Alexander
973 4295 1135 4383 Halesius,
1156 4296 1203 4374 At,
