2714 4912
481 323 701 390 ..57-

51 493 261 577 prosterneret
290 506 326 549 se
352 483 453 562 omnis
475 481 621 572 populus.
664 481 772 564 Quem
798 501 937 564 morem,
966 484 1019 574 qui
1046 507 1128 552 non·

51 574 145 640 nullis
167 573 253 640 locis'
263 576 329 664 jam
351 582 443 638 antea
463 571 689 650 increbruerat,
718 573 854 659 primum
875 574 1033 640 induxisse
1055 576 1127 641 Wi-

52 664 169 731 donem
186 661 384 742 cardinalem,
407 663 500 726 refert
519 660 685 726 Caesarius
696 660 997 747 Hetsterbacenstsr)
1010 704 1050 715 ·-
1064 663 1130 748 Qui

53 753 174 840 primus
206 751 301 841 hujus
334 752 410 818 novi
441 748 538 814 moris
567 771 726 816 causam
756 752 857 831 arten,
891 751 1129 842 doctrinamque

52 841 154 922 tradit,
176 850 224 907 est
247 839 423 908 Guilelmus
445 836 664 923 Durandus:⁰)
698 837 827 918 „Hostia
849 837 996 922 elevatur,
1021 843 1053 907 in
1099 844 1131 923 't‚

53 940 90 996 ut
118 930 254 1020 populus
281 951 346 996 non
362 927 578 1017 'praeveniens
607 927 888 1008 consecrationem,
918 930 973 994 sed
1000 952 1041 996 ex
1092 953 1131 997 oc
1187 944 1189 950 ’

55 1042 261 1110 cognoscens,
282 1016 368 1082 illam
389 1018 511 1096 factam,
534 1024 565 1080 et
583 1013 743 1082 Christum
766 1038 862 1104 super
884 1014 980 1083 altare
996 1019 1132 1100 venisse,

55 1118 236 1174 reverenter
259 1104 299 1170 ad
320 1115 434 1171 terram
456 1112 696 1194 pr·ostematur.“
728 1104 905 1193 Scriptores
927 1129 1002 1173 vero
1024 1109 1054 1187 ii,
1077 1111 1132 1197 qui

55 1195 203 1262 Durandi
225 1204 324 1260 aetate
346 1203 418 1260 sunt
440 1194 627 1280 superiores,
648 1191 735 1258 hunc
756 1216 878 1259 morem
900 1217 941 1259 ne
959 1193 1132 1286 significare

79 1284 187 1350 uidem
207 1284 356 1349 videntur.
399 1282 524 1348 Etenim
548 1283 601 1371 qui
623 1281 663 1347 de
686 1304 776 1348 eure
793 1295 1132 1365 commemoraverunt,

57 1309 237 1439 hermanus
264 1370 438 1461 patriarcha
467 1369 841 1461 Constantinopohtanus,
873 1370 928 1439 lvo
965 1374 1133 1463 episcopus

59 1460 272 1540 Cornutensis,
294 1461 390 1550 Hugo
414 1459 454 1524 de
476 1460 521 1526 St
542 1459 680 1540 Victore,
703 1461 820 1548 quique
843 1459 883 1526 ab
911 1463 986 1552 ipsis
1008 1462 1131 1528 theolo-

57 1550 106 1638 gis
128 1548 291 1638 pontificiis
314 1549 502 1637 antiquitatis
523 1549 601 1614 ritus
624 1546 825 1614 ecclesiastici
852 1559 948 1616 testes
975 1554 1135 1619 constituti

57 1647 139 1718 sunt,
159 1637 245 1702 illam
268 1629 437 1711 ἀνάδειξιν
458 1642 520 1697 τοῦ
542 1634 645 1716 ἄρτου
665 1642 722 1715 τῆς
743 1630 957 1717 εὐχαριστίας
983 1647 1135 1718 τροπικῶς

57 1725 98 1791 ad
122 1725 238 1792 Christi
257 1726 519 1792 resurrectionem
542 1733 596 1789 aut
622 1726 655 1790 in
676 1723 802 1810 coelum
824 1725 1060 1792 adscensionem
1082 1752 1134 1794 re·

57 1817 171 1895 lerunt,
192 1804 297 1903 ireque
319 1811 415 1880 ullam
439 1813 542 1894 aliam,
562 1815 622 1880 nisi
643 1816 809 1903 mysticam
838 1814 997 1904 quandam
1024 1818 1057 1882 in
1084 1819 1134 1883 in-

59 1905 166 1970 stituto
188 1905 327 1990 injiciunt
346 1904 515 1969 notionem.
562 1903 770 1989 Gemranustt
799 1904 892 1969 enimi
912 1914 1001 1994 putat
1028 1903 1134 1973 eleva-

60 1993 180 2058 tionem
193 1991 310 2058 Christi
325 1991 465 2081 eorporis
482 2001 717 2080 repraesentare
734 1991 939 2068 elevationem
953 1994 986 2060 in
998 2017 1136 2076 crucem,

58 2090 194 2147 mortem
207 2078 325 2146 domini
335 2089 367 2145 et
380 2080 650 2145 resurrectionem.
664 2078 719 2144 lvo
726 2085 749 2164 ‘t
761 2104 836 2147 vero
851 2081 1056 2150 Cornutensis
1070 2085 1137 2150 fere

59 2169 145 2237 idem
163 2169 263 2248 sentit,
285 2191 368 2248 cum,
392 2171 419 2234 si
435 2169 524 2259 panis
548 2178 580 2234 et
601 2168 682 2234 calix
699 2166 811 2234 sublati
837 2169 897 2234 sint
922 2192 941 2233 a
961 2169 1024 2236 Dei
1041 2173 1134 2237 mini-

60 2268 134 2338 stro,
159 2257 274 2325 Christi
289 2258 321 2322 in
339 2281 434 2324 cruce
453 2257 535 2322 affixi
552 2259 740 2323 memoriam
750 2259 895 2324 renovati
912 2257 1031 2340 doceat,
1051 2260 1137 2349 quod

62 2346 158 2438 Hugo
176 2347 215 2412 de
233 2348 277 2413 st
289 2345 418 2413 Victore
434 2349 500 2412 lere
517 2345 629 2412 iisdem
645 2345 748 2412 verbis
763 2348 881 2436 repetit
901 2346 1011 2437 ltaque
1028 2350 1136 2415 certis-

64 2437 181 2502 simum
193 2445 250 2514 est,
262 2458 326 2501 non
344 2446 415 2501 ante
433 2433 598 2502 saeculum
619 2459 648 2524 p.
661 2435 697 2502 C.
720 2435 944 2510 duodecimum
967 2435 1138 2507 elevandae
1224 2454 1226 2459 ’

63 2521 184 2590 hostiae
201 2546 324 2590 morem
342 2546 412 2594 esse
423 2524 595 2605 inductum,
616 2527 660 2591 ita
677 2534 792 2606 tamen,
814 2535 849 2591 ut
862 2528 929 2615 jam
947 2537 1038 2593 antea
1055 2538 1087 2592 et
1098 2529 1138 2594 ab

63 2614 111 2694 iis,
135 2615 189 2703 qui
209 2611 438 2679 Eucharistiam
461 2612 646 2693 tribuebant,
667 2623 699 2678 et
721 2613 759 2678 ab
774 2615 821 2693 iis,
844 2617 899 2703 qui
921 2614 1138 2696 comedebant,

63 2725 139 2768 curn
156 2701 258 2768 hostia
275 2723 333 2791 per
350 2700 504 2793 populum
524 2702 664 2781 senetur,
686 2699 825 2768 similiter
841 2703 1013 2768 sentiretur.
1044 2704 1140 2786 Quod

64 2790 193 2880 quidem
219 2791 393 2856 institutum
427 2791 462 2858 A.
490 2790 577 2857 1217
607 2791 787 2856 auctoritate
815 2813 874 2856 sua
901 2793 1002 2856 sanxit
1027 2791 1138 2859 Hono-

62 2882 127 2946 rius
140 2877 226 2965 lll.,f)
244 2880 297 2967 qui
314 2879 465 2945 decrevit:
483 2888 538 2959 „ut
554 2876 682 2967 quilibet
695 2876 842 2944 sacerdos
852 2882 1031 2970 frequenter·
1041 2882 1137 2949 doce-

63 2979 110 3048 ret
129 2966 254 3056 plebem
272 2991 372 3047 suam,
387 2977 431 3049 ut,
448 2991 522 3034 cum
538 2965 571 3033 in
586 2965 795 3033 celebratione
811 2970 979 3035 missarum
997 2969 1138 3037 elevare-

65 3066 115 3123 tur
126 3058 228 3123 hostia
247 3057 400 3136 salutaris,
418 3055 545 3146 quilibet
556 3065 735 3143 reverenter
752 3079 787 3123 se
804 3057 974 3138 inclinaret,
990 3058 1075 3126 idem
1092 3063 1107 3125 f
1124 3100 1139 3111 -

65 3148 260 3234 ciens,‚cum
279 3169 351 3212 eam
375 3145 507 3212 deferret
524 3143 687 3236 presbyter
703 3144 742 3210 ad
759 3144 945 3214 infirmum.“
967 3147 1141 3216 Successor

63 3237 132 3324 ejus
157 3235 327 3324 Gregorius
348 3233 435 3321 lXe)
464 3244 519 3316 „ut
547 3233 587 3300 ad
611 3233 727 3300 Christi
750 3237 895 3325 'corporis
923 3243 955 3300 et
983 3239 1141 3327 sanguinis

63 3325 303 3403 conlectionem,
325 3325 464 3412 itemque
486 3321 608 3389 hostiae
629 3321 837 3389 elevationem
860 3324 1048 3412 campanula
1075 3328 1142 3392 sive

67 3410 306 3478 tintinnabulum
328 3410 515 3500 pulsaretur,
537 3420 572 3478 ut
594 3432 633 3475 ea
655 3410 759 3476 audita
782 3413 886 3477 cuncti
912 3413 945 3476 in
975 3435 1078 3500 genua
1107 3422 1142 3485 se

63 3510 299 3593 prosternerent
319 3499 518 3589 hostiamque
539 3509 765 3567 venerarentur
785 3509 1028 3568 consecratam.“

136 3681 165 3745 tt)
185 3687 308 3735 Pontttcti
332 3685 432 3740 uutdem
455 3685 564 3742 theoton
588 3687 656 3732 velat
678 3686 863 3733 Bettarmtn.
891 3686 933 3732 rto.
956 3691 988 3734 Π.
1013 3689 1042 3734 de
1066 3691 1145 3738 missa

70 3770 113 3813 cp·
132 3759 173 3805 ta.
190 3765 272 3812 ttsntte
290 3759 322 3804 at
340 3759 509 3813 apostoloram
528 3761 722 3811 temperatione
740 3769 832 3803 morem
850 3757 966 3803 referunt.
1003 3761 1071 3814 Quod
1090 3773 1144 3807 ottr-

65 3830 126 3874 ntno
144 3829 235 3874 falsum
252 3842 319 3885 esse,
339 3829 516 3874 demonstravit
532 3830 655 3877 Dattaetrs
672 3830 749 3886 ttbro,
773 3829 816 3881 qut
840 3828 995 3876 inscrttttttrrt
1019 3832 1144 3877 adversus

65 3899 213 3947 Lattnorunt
238 3900 269 3944 tte
296 3904 378 3947 cultus
406 3899 518 3954 rettgtost
547 3900 642 3952 ottecto
673 3900 829 3946 tratttttonem
862 3900 993 3953 disputatio
1025 3894 1084 3958 (nt.
1113 3905 1144 3948 11.

67 3981 108 4025 cp.
130 3969 234 4014 t-st).
253 3981 278 4024 p.
297 3970 439 4029 ate—³9,
457 3981 482 4016 v.
501 3971 643 4016 schroeetttr
660 3971 853 4025 tttrctrengesetr.
872 3972 953 4016 ttae.
972 3983 996 4025 p.
1012 3965 1067 4030 tt.)
1088 3974 1145 4019 Joa.
1195 3994 1205 4005 κ’

68 4040 183 4086 Guttetm.
206 4039 237 4083 tte
251 4040 327 4086 'trttttz
350 4043 380 4086 de
402 4041 547 4088 adoratione
574 4040 648 4096 panis
675 4041 815 4087 conseruati
830 4047 863 4086 et
886 4040 1056 4087 internetione
1079 4044 1146 4090 sacri

66 4111 156 4157 saneta
175 4111 201 4155 in
218 4111 383 4156 Euctrartstta.
420 4113 458 4159 cs.
472 4112 574 4167 Hoeptn.
589 4113 619 4157 tr.
629 4115 655 4157 s.
666 4115 698 4158 -'t'.
713 4114 733 4157 Ι.
749 4124 774 4167 p.
784 4112 848 4157 m:
867 4131 903 4142 -
920 4112 977 4171 „Ad
996 4115 1146 4166 probandam

71 4183 168 4228 trosttaa
187 4180 352 4226 elevattonem
370 4182 395 4226 itt
413 4192 488 4228 sacro
505 4183 583 4229 mtsstt
601 4183 741 4248 testimonia
755 4183 878 4229 adducunt
894 4194 926 4228 ex
941 4183 1073 4242 Dionysio,
1093 4186 1145 4231 tta·

71 4251 128 4296 sttto
152 4256 176 4297 et
199 4253 393 4307 chrysostomo,
416 4253 449 4297 att
471 4263 538 4305 quae
560 4259 642 4300 tamen
665 4253 815 4299 solidissimo
838 4252 964 4306 respondit
987 4249 1146 4302 doctissimus

71 4317 178 4384 tvettus,
195 4328 223 4370 ut
246 4321 416 4381 contrahitur
439 4325 546 4377 potuerit
568 4324 777 4380 suarattaratae
798 4323 971 4371 Battarmtttus.
1007 4325 1148 4384 Dionysius
