2714 4912
560 330 795 405 -ro-'

6 511 11 518 “
134 499 264 566 htarum·
285 494 464 566 historiast
481 510 613 563 'manna
639 516 658 562 e
686 493 775 562 coelo
809 494 1020 585 supeditatum
1054 503 1087 560 et
1114 514 1210 562 sacra

135 587 263 680 legalia,
294 609 376 678 quae
397 584 461 651 fien‘
483 583 637 665 solebant,
664 586 760 652 tuisse
787 585 931 650 videntur
958 580 1209 674 significationes,

135 679 178 744 ita
199 688 235 743 ut
256 676 340 766 quod
360 674 449 743 nohis
470 697 580 740 revera
600 672 790 739 manducare
811 671 965 756 licet„illi
988 671 1111 739 Christi
1131 693 1207 738 cor·

23 806 28 815 ·
136 790 197 856 pus
227 770 377 836 τυπικαῖς
399 761 573 829 comedisse
604 761 850 852 intelliganturlt.
899 761 1054 853 „Cujusft
1089 758 1207 828 oblatio

135 858 262 921 iteratur
283 853 427 943 quotidie,
454 853 554 941 pn'mo
586 853 735 941 quoniam
764 850 900 941 quotidie
929 860 1091 941 peccatur,
1119 848 1206 940 quod

23 980 27 989 ·
134 944 207 1011 licet
228 944 333 1009 omnia
353 951 482 1031 peccata
502 939 677 1008 condonata
698 950 771 1006 sunt
796 941 828 1007 i'n
849 939 1017 1031 baptismo,
1044 938 1207 1005 infirmitas

135 1043 241 1098 tamen
263 1033 398 1120 peccatis
420 1029 523 1095 adhuc
543 1031 575 1095 in
596 1052 690 1096 carne
711 1031 825 1109 manet,
847 1028 985 1097 secundo
1002 1039 1037 1094 ut
1053 1029 1133 1094 sicut
1149 1029 1207 1094 fuit

136 1121 228 1188 arbor
248 1122 330 1185 vitae
349 1121 383 1187 in
405 1117 588 1208 paradisol),
609 1120 652 1183 ita
674 1128 781 1184 sancta
798 1117 864 1183 Dei
883 1116 1015 1186 ecclesia
1036 1115 1152 1183 habeat
1172 1118 1205 1183 in

135 1221 171 1277 se
192 1210 376 1298 mysterium
397 1209 497 1288 vitae,
526 1200 611 1298 quod
638 1209 672 1273 in
698 1207 811 1274 eodem
832 1205 916 1296 ligno
938 1204 1137 1298 figurabatur,
1164 1228 1213 1272 ex,

6 1319 13 1383 j
136 1322 200 1389 quo
223 1298 276 1387 qui
297 1297 408 1377 edunt,
435 1306 595 1362 servantes
616 1296 763 1362 mandata
782 1298 878 1377 vitae,
904 1317 1107 1385 nequaquam
1127 1317 1204 1383 pos·
1233 1340 1237 1345 -

135 1397 209 1454 sunt
228 1387 309 1452 mori
329 1385 362 1451 in
383 1395 560 1466 aeternum,
586 1387 714 1470 senior)
741 1394 777 1450 ut
799 1385 978 1475 quicunque
1000 1384 1094 1474 digne
1121 1381 1205 1450 hanc

111 1476 230 1567 ,vitam
257 1484 396 1555 sumant,
423 1475 521 1540 renati
541 1472 650 1540 'unum
676 1472 859 1556 efficiantur,
886 1485 921 1540 ut
946 1475 1037 1540 sicuti
1059 1475 1125 1563 jam
1146 1494 1206 1562 per

134 1564 322 1653 baptismum
334 1563 494 1632 Christum
514 1562 655 1644 induunt,
675 1563 718 1628 ita
734 1561 878 1629 Christus
896 1565 928 1629 in
946 1564 984 1628 iis
997 1585 1055 1653 per
1070 1559 1131 1628 hoc
1148 1583 1203 1626 sa-

134 1663 330 1719 cramentum
352 1649 551 1743 corporaliter
571 1655 733 1737 mareau)
768 1651 921 1736 Etenim¹)
942 1674 1007 1718 non
1028 1651 1110 1719 sicut
1130 1650 1202 1740 qui-

135 1742 209 1809 dam
237 1740 355 1822 volunt,
381 1743 485 1807 anima
508 1738 575 1807 sola
601 1739 663 1807 hoc
689 1742 838 1828 mysterio
860 1743 1012 1830 pascitur,
1038 1741 1203 1829 quianon

134 1829 202 1897 sola
228 1829 390 1895 redimitur
414 1839 514 1896 morte
536 1827 650 1895 Christi
678 1838 710 1894 et
736 1827 881 1910 salvatur,
907 1852 1020 1896 verum
1046 1829 1143 1894 etiam
1173 1837 1203 1894 et

133 1941 207 1985 caro
229 1928 336 1984 nostra
357 1940 414 2006 per
434 1917 496 1984 hoc
512 1917 552 1983 ad
565 1915 827 1984 immortalitatem
845 1929 876 1986 et
888 1915 1203 2008 incorruptibilitatem

133 2016 302 2097 reparatur.
346 2006 390 2074 Ut
411 2008 494 2072 enim
515 2007 548 2073 in
569 2005 628 2074 hac
651 2006 774 2072 mortali
802 2009 864 2074 vita
892 2009 951 2074 nisi
977 2008 1050 2073 vino
1073 2017 1106 2073 et
1169 2015 1203 2073 tu

126 2119 198 2163 -non
220 2097 342 2177 vivitur,
364 2098 409 2163 sic
432 2095 471 2162 ad
485 2094 568 2161 illam
583 2105 742 2162 aeternam
762 2119 827 2164 non
844 2098 1029 2188 pervenitur,
1046 2096 1107 2163 nisi
1143 2118 1201 2162 uo·

133 2183 194 2251 bus
214 2186 279 2250 istis
301 2185 340 2250 ad
361 2183 621 2251 immortalitatem
643 2185 837 2275 spiritualiter
857 2187 1016 2253 nutriatur.
1058 2183 1101 2251 Et
1129 2183 1201 2250 ideo

133 2274 214 2341 bene
233 2275 266 2339 in
287 2274 384 2339 calice
405 2272 499 2338 simul
518 2272 698 2355 redduntur,
720 2276 793 2363 quia
815 2274 855 2342 de
876 2272 973 2341 calice
993 2295 1057 2341 uno
1104 2274 1200 2339 assio-

134 2364 183 2429 nis
199 2361 314 2428 Christi
334 2361 414 2428 haec
435 2360 497 2428 duo
520 2361 610 2428 nobis
632 2362 672 2429 ad
693 2364 789 2429 vitam
810 2374 983 2429 mananmt.
1013 2362 1066 2429 Un
1089 2385 1200 2430 enon-

133 2472 296 2538 nunquam
318 2451 465 2515 viaticum
491 2449 677 2541 appellatur,
726 2475 768 2518 uo
797 2452 823 2519 si
851 2454 920 2542 quis
948 2452 1059 2518 fruitur
1082 2454 1116 2518 in
1144 2453 1201 2532 via,

157 2541 274 2605 ervenit
296 2539 336 2604 ad
356 2540 461 2618 vitam,
483 2563 579 2629 quam
594 2541 632 2614 ,in
653 2476 805 2627 sehabet
830 2551 862 2607 et
881 2540 1011 2608 falsitate
1035 2539 1123 2608 nulla
1143 2538 1200 2606 fal-
1234 2610 1237 2617 Ι

79 2631 83 2642 “
133 2561 232 2694 litur.“
276 2627 372 2712 Quod
395 2627 521 2717 quidem
542 2630 726 2717 mysterium
746 2631 798 2711 „in
818 2652 899 2720 pane
921 2640 953 2696 et
971 2631 1044 2696 vino
1067 2653 1141 2696 eam
1162 2626 1201 2701 ob

132 2739 264 2784 causam
285 2714 467 2799 celebratur,
488 2718 574 2807 quod
588 2720 677 2808 panis
694 2741 793 2784 unus
815 2741 856 2785 ex
871 2717 1008 2786 multis
1023 2717 1202 2785 naturaliter

17 2870 18 2873 ,
133 2804 388 2896 granis-efficitur,
405 2829 446 2872 ex
461 2830 524 2896 quo
538 2817 645 2873 nostra
657 2809 690 2872 in
701 2807 825 2874 Christo
840 2808 1078 2874 commendatur
1091 2808 1201 2886 unitas,

135 2893 227 2959 simili
242 2904 348 2959 autem
363 2894 459 2961 modo
475 2896 551 2961 etin
565 2897 647 2977 vino,
668 2896 753 2986 quod
768 2898 876 2963 vinum
895 2921 935 2963 ex
949 2896 1055 2964 multis
1066 2890 1203 2988 liquatur
1223 2964 1227 2977 J

133 2983 232 3048 uvis.“
252 2983 368 3065 „Quod
379 3006 454 3050 vero
467 2984 602 3051 calorem
608 2990 632 3070 ⁰)
649 2995 680 3051 et
691 3009 836 3076 saporem
854 2989 954 3052 carnis
968 2987 1096 3053 minime
1104 3007 1200 3140 prae·

135 3072 196 3152 bet,
209 3072 312 3138 ‘virtus
335 3082 440 3137 tamen
460 3072 531 3139 fidei
546 3084 578 3139 et
590 3073 817 3164 intelligentiae,
838 3097 918 3163 quae
932 3073 1008 3141 nihil
1021 3074 1061 3142 de
1076 3075 1103 3142 C
1126 3075 1201 3140 risto

134 3159 260 3242 dubitat,
272 3171 371 3227 totum
380 3159 457 3228 illud
472 3161 667 3251 spiritualiter
676 3165 757 3253 sapit
766 3173 798 3230 et
813 3162 965 3252 degustat,
980 3164 1062 3254 quia,
1076 3174 1113 3230 ut
1127 3162 1201 3243 dixi,

135 3250 193 3338 qui¹
211 3250 308 3314 verbo
330 3250 447 3336 creavit
466 3249 555 3331 haec,
576 3252 672 3318 verbo
695 3275 769 3317 curn
791 3276 806 3317 s
828 3252 898 3318 in'tu
919 3263 1026 3320 sancto
1048 3274 1200 3344 coopera-

133 3348 192 3403 tur.
225 3338 352 3403 Avidius
375 3348 480 3404 autem
502 3342 681 3430 requiritur,
706 3341 791 3430 quod
808 3276 886 3408 latet
907 3352 938 3408 et
980 3343 1123 3408 retiosius
1145 3349 1201 3422 est,

134 3427 219 3517 quod
241 3450 315 3494 cum
337 3425 397 3492 fide
420 3430 584 3516 quaeritur.
615 3428 689 3496 Ideo
713 3453 840 3520 quoque
861 3432 905 3498 sic
927 3365 1033 3498 debuit
1049 3429 1111 3499 hoc
1128 3453 1199 3520 my-

24 3508 35 3590 ,’
132 3519 261 3582 sterium
283 3518 448 3605 temperari
469 3527 505 3582 ιιι
526 3526 557 3583 et
577 3532 691 3584 arcana
712 3530 905 3586 secretorum
927 3519 1101 3587 celarentur
1129 3517 1199 3586 inli-

133 3604 188 3686 dis,
211 3615 242 3670 et
261 3604 337 3671 nihil
358 3604 481 3670 deesset
502 3629 576 3672 vere
593 3606 790 3674 credentibus
806 3610 977 3697 promissae
998 3607 1143 3690 veritatis,
1160 3607 1200 3673 de

134 3698 227 3784 quat)
249 3703 284 3758 ut
304 3704 335 3759 et
355 3695 366 3758 i
390 3695 415 3758 si
435 3692 542 3760 fideles
563 3695 709 3761 fiduciam
730 3699 813 3786 perci
838 3706 931 3777 erent,
953 3706 984 3762 et
1005 3695 1055 3761 alii
1076 3696 1116 3762 de
1138 3698 1200 3762 mi·

132 3782 239 3849 raculo
268 3781 306 3847 ad
334 3718 428 3848 fidlm
456 3782 661 3852 solidarentur
686 3784 782 3851 etde
810 3722 924 3852 dhrisu
948 3787 1047 3874 gratia
1072 3784 1201 3852 uben'us

15 3891 17 3895 ·
132 3873 358 3962 participarent,
385 3895 481 3962 saepe
502 3873 582 3939 haec
604 3875 735 3962 mystica
757 3874 893 3961 corporis
915 3883 948 3938 et
966 3875 1125 3965 sanguinis
1145 3895 1199 3939 sa-

50 3961 57 3966 ’
132 3971 292 4034 eramenta
317 3959 427 4026 visibili
453 3964 558 4050 specie
583 3963 614 4028 in
644 3964 716 4053 agni
742 3965 875 4028 formam
903 3971 957 4028 aut
981 3964 1015 4032 in
1041 3961 1140 4030 camis
1167 3972 1201 4028 et

132 4052 292 4140 sanguinis
312 4048 450 4116 colorem
472 4061 642 4117 monstrata
662 4055 788 4131 sunt.“¹¹)
834 4049 941 4133 Quam
967 4052 1008 4120 ob
1025 4065 1100 4117 'rem
1121 4072 1200 4119 cum

134 4137 287 4224 ejusmodi
308 4137 382 4228 quid
403 4159 467 4202 non
495 4160 534 4203 ex
560 4137 739 4204 mortalium
765 4136 923 4208 voluntate
948 4139 1083 4232 pendere
1104 4137 1197 4205 intel-

132 4224 253 4316 ligatur,
273 4251 356 4308 „non
377 4225 478 4293 verbis
498 4225 654 4307 humanis,
680 4226 736 4294 sed
780 4227 868 4295 rocul
893 4230 987 4297 dubio
1013 4227 1123 4294 divinis
1150 4231 1197 4296 ei-

132 4312 232 4381 hcitur
256 4326 289 4383 et
314 4315 507 4404 mandativ)
549 4316 603 4386 Sic
627 4316 733 4408 itaque
758 4249 834 4388 licet
857 4307 1002 4389 sicerdos
1026 4315 1200 4399 benedicat,
