2714 4912
268 959 272 966 ’
333 972 410 1120 a(
448 1019 1048 1122 nccuusnunascn.
1120 1067 1160 1106 -,

636 1318 676 1403 §··
694 1317 745 1385 25.

214 1438 391 1509 Ecclesiam
403 1438 626 1522 Graecam,ad
639 1441 731 1506 cuins
749 1441 805 1530 qui
821 1440 861 1507 de
872 1438 1067 1538 Eucharistia
1078 1447 1137 1511 orti
1147 1459 1229 1530 sunt,

149 1551 272 1600 errores
282 1528 579 1598 commemorandos
595 1538 802 1609 transeamus,
819 1530 845 1594 si
854 1529 984 1596 Latinae
994 1531 1228 1619 contulerimus,

147 1642 213 1687 non
231 1631 296 1685 tam
311 1618 407 1710 longe
430 1617 470 1684 ab
488 1620 558 1707 ejus
580 1639 655 1684 vera
677 1618 803 1684 notione
819 1620 1040 1708 cognoscenda
1056 1621 1229 1708 aberrasse,

148 1731 246 1799 quam
267 1707 362 1789 illam,
383 1707 473 1774 nobis
495 1709 554 1773 erit
574 1705 791 1795 profitendum.
821 1705 857 1774 ln
872 1709 1056 1775 universum
1071 1712 1156 1778 enim
1170 1738 1227 1781 ve·
1341 1760 1353 1786 ,

148 1807 252 1864 terum
281 1799 350 1886 ejus
384 1794 537 1863 ecclesiae
564 1795 730 1862 doctorum
759 1794 811 1862 vel
837 1798 976 1864 maxime
1001 1797 1167 1867 illustrium
1195 1804 1228 1870 in

145 1888 359 1976 praesentiam
387 1883 547 1974 quandam
569 1882 820 1965 substantialem,
847 1886 890 1951 ita
917 1896 954 1952 ut
974 1883 994 1948 ὅ
1015 1894 1106 1962 θεῖος
1126 1883 1228 1973 λόγος

144 1997 221 2043 cum
242 1996 353 2040 sacrae
374 1995 494 2039 coenae
514 1969 676 2038 elementis
697 1975 882 2061 conjunctus
899 1997 970 2040 esse
985 1986 1156 2066 putaretur,
1176 1981 1225 2048 in.

145 2061 302 2131 clinabant
323 2062 502 2128 sentcntiae.
539 2060 632 2144 Quae
655 2059 782 2150 quidem
804 2063 863 2127 etsi
883 2064 1000 2128 sensim
1015 2064 1227 2152 abolebantur,

147 2161 179 2220 et
200 2174 239 2219 ea
252 2161 364 2233 aetate,
427 2147 519 2217 acoli
527 2158 658 2239 coeptae
671 2160 745 2218 sunt
759 2150 922 2240 imagines,
939 2150 1046 2218 mrdtis
1059 2175 1223 2225 commen-

144 2240 183 2306 tis
215 2239 324 2309 locum
352 2263 370 2306 c
412 2238 518 2320 ebant,
545 2248 654 2304 tamen
691 2239 724 2304 in
754 2239 944 2328 judiciorum
976 2243 1130 2310 rationem
1157 2247 1224 2315 vim
1261 2303 1263 2308 .

143 2327 301 2396 habebant
314 2327 367 2395 vel
381 2329 563 2410 maximam,
581 2337 617 2394 ut
629 2327 740 2395 loedae
755 2327 827 2396 illae
843 2331 1086 2419 superstitiones,
1108 2334 1223 2424 quibus

141 2419 282 2509 magistri
303 2415 457 2483 ecclesiae
466 2416 596 2483 Latinae
611 2417 732 2508 ingenti
744 2417 888 2507 ipsorum
903 2419 1127 2511 principiorum
1143 2447 1222 2491 con-

142 2508 253 2573 stantia
272 2505 502 2585 imbuebantur,
521 2507 743 2595 effugarentur.
764 2503 910 2574 Attamen
925 2532 1036 2575 earum
1051 2511 1223 2582 nonnullae
1277 2564 1280 2569 ·

143 2605 179 2671 ut
201 2595 380 2661 animomm
400 2594 510 2661 aciem
532 2595 624 2683 quasi
644 2593 776 2685 caligine
805 2598 1082 2686 praestringerent,
1105 2623 1219 2688 quem-

140 2683 312 2751 admodum
340 2681 426 2774 apud
447 2682 576 2750 Latinos
604 2704 774 2773 paparum,
803 2685 848 2749 sic
877 2685 961 2774 apud
991 2685 1130 2753 Graecos
1157 2689 1220 2754 im·

138 2784 321 2864 peratorum
344 2773 447 2839 effecit
468 2772 650 2852 auctoritas3
672 2772 729 2839 sed
744 2773 766 2837 ii
780 2794 845 2838 non
859 2772 994 2840 eandem
1008 2797 1120 2851 omnes
1134 2779 1220 2844 viam

140 2863 250 2942 secuti,
272 2884 365 2951 quae,
388 2861 442 2950 qui
464 2870 555 2945 antea
576 2861 815 2950 imperaverant,
838 2874 1014 2944 sanxerant,
1036 2887 1074 2931 ea
1091 2867 1220 2933 minime

139 2952 359 3039 repetiverunt,
381 2951 485 3039 potius
507 2951 694 3016 contrariam
714 2951 753 3015 iis
773 2949 911 3017 tulerunt
926 2956 1120 3020 sententiam.
1141 2954 1217 3023 Ne·

138 3062 213 3129 que
228 3041 330 3106 enim
349 3049 393 3105 ut
414 3061 557 3128 papae,
580 3037 679 3128 quiid
694 3041 833 3105 maxima
849 3038 920 3106 data
934 3064 1030 3130 opera
1046 3042 1217 3110 contende·

138 3138 220 3208 runt,
247 3151 288 3194 ne
309 3129 341 3194 in
363 3150 541 3196 errorum
568 3129 780 3219 suspicionem
800 3130 1009 3209 incurrerent,
1035 3132 1218 3220 opinionum

138 3238 268 3286 suarum
290 3215 450 3282 diversitas
472 3217 641 3306 quominus
662 3220 843 3306 aperiretur,
862 3217 1013 3306 impedire
1034 3216 1218 3302 debuerunt,

137 3306 194 3372 sed
214 3304 292 3371 illud
314 3303 493 3394 periculum
513 3328 578 3371 non
596 3305 775 3387 subeuntes,
796 3307 967 3373 decernere
983 3306 1035 3372 alii
1050 3307 1138 3375 aliter
1153 3332 1217 3377 non

136 3392 333 3461 honuerunt
375 3393 486 3483 ltaque
514 3415 590 3459 cum
618 3419 682 3461 non
710 3394 750 3460 ad
778 3395 912 3460 eandem
933 3414 1078 3462 normam
1100 3395 1215 3464 volun-

136 3493 298 3574 tatemque
320 3504 432 3548 omnes
452 3491 488 3547 s'e
510 3483 760 3563 accomodarent,
780 3481 867 3549 haud
887 3505 958 3558 raro
980 3485 1056 3573 ipsis
1076 3488 1214 3577 impera-

137 3581 241 3638 torum
264 3571 405 3651 decretis,
427 3594 509 3661 quae
532 3581 625 3638 antea
646 3574 764 3639 sancita
787 3585 884 3652 erant,
905 3571 1020 3638 abolita
1042 3583 1073 3639 et
1101 3597 1214 3665 super·

136 3662 296 3739 stitionum
325 3670 519 3739 commenta,
549 3682 632 3750 quae
658 3660 823 3728 hominum
850 3663 971 3726 animos
997 3661 1214 3753 impleverant,

135 3751 167 3815 in
190 3747 316 3837 aliquod
337 3759 463 3839 tempus
485 3758 560 3815 sunt
580 3749 690 3817 deleta.
723 3750 774 3816 Ex
784 3749 897 3840 quibus
916 3749 1043 3839 quidem
1060 3776 1108 3834 ea,
1130 3774 1214 3842 quae

136 3836 212 3904 nihil
234 3838 374 3905 dillerant
395 3839 435 3906 ab
458 3835 612 3906 ecclesiae
634 3839 763 3906 Latinae
786 3836 959 3920 erroribus,
985 3839 1213 3907 velutsaorili·

136 3929 221 3993 cium
244 3923 358 3992 missae
379 3952 443 3996 non
464 3931 579 3996 iterum
602 3928 768 4010 allerenda,
797 3929 854 3994 sed
881 3925 933 3993 illa
959 3928 1212 4020 uberiusexpo-

136 4016 239 4082 nenda
262 4038 333 4081 esse
354 4037 480 4099 censeo,
503 4040 586 4108 quae
601 4018 724 4086 Graeca
745 4016 879 4084 ecelesia
898 4017 1038 4108 putanda
1059 4019 1119 4084 sint
1138 4040 1212 4108 pro-

174 4105 202 4169 'a
224 4102 580 4190 (transsubstantiationis
608 4131 684 4174 vero
713 4107 895 4175 doctrinam.
914 4106 954 4173 ob
982 4127 1054 4172 earn
1083 4129 1214 4173 causam

135 4126 241 4259 dbbuo
258 4193 524 4273 commemorabo,
546 4197 619 4282 quia
641 4220 718 4265 non
740 4199 896 4267 omnino
919 4193 1032 4272 eadem
1050 4205 1107 4278 est,
1130 4217 1213 4287 quae

136 4280 267 4368 Latum),
287 4284 367 4351 inter
389 4302 472 4372 quae
492 4279 640 4352 habetur:
952 4376 1001 4436 s*
1063 4334 1065 4339 .

966 4403 974 4435 r
