2714 4912
580 328 801 396 ...65-

149 484 228 558 nulli
254 484 496 577 desperaverant
520 481 712 567 scholastici,
740 487 859 559 sensim
886 506 958 570 eos,
985 489 1226 581 quipotentiae

149 575 379 644 ecclesiasticae
397 577 542 642 resistere
564 573 735 657 audebant,
761 573 948 644 exacerbare
970 589 1002 645 et
1023 601 1227 652 commovere

148 664 264 748 debuit,
285 675 320 731 ut
338 664 506 731 evaderent
521 661 697 746 adversarii,
718 661 813 754 atque
834 663 980 752 pericula,
1002 678 1042 749 et,
1064 690 1148 757 quae
1160 691 1224 736 un·

148 753 243 844 dique
264 753 475 834 imminebant,
498 751 674 819 discrimina
696 751 777 819 rdtro
798 754 945 820 subirent.
978 756 1032 824 Sic
1045 757 1139 846 igitur
1152 771 1224 828 ccr-

146 843 314 910 taminibus
336 866 412 910 cum
433 838 585 907 ecclesiae
607 841 796 932 principibus
817 841 1017 912 acerbissime
1037 847 1128 928 ruitis,
1149 845 1223 937 plu·
1270 909 1272 914 .
1351 834 1353 838 Α

145 933 245 999 rimae
277 943 364 999 ortae
396 932 576 997 vexationes
609 940 641 997 et
671 932 811 1021 insignes
842 931 1039 1000 miseriarum
1071 937 1226 1003 excitatae

146 1033 219 1087 sunt
239 1029 448 1112 tempestates.
492 1019 564 1102 Quo
586 1021 786 1102 factumest,
814 1029 850 1086 ut
872 1042 993 1104 eorum,
1014 1046 1095 1112 quos
1115 1023 1222 1092 Hae·

144 1111 293 1177 reticos
316 1106 474 1200 appellare
494 1105 595 1174 solent
616 1108 740 1176 mediae
759 1110 868 1176 aetatis
882 1111 1056 1198 scriptores,
1077 1109 1153 1180 cum
1165 1137 1223 1181 ve·

144 1199 243 1266 ritaus
265 1198 304 1263 ab
327 1197 482 1264 erroribus
504 1194 715 1264 defendendae
741 1221 806 1266 non
835 1208 901 1264 tam
909 1201 1105 1353 aplraemium
1127 1224 1223 1292 cape-

143 1297 223 1367 rent,
245 1284 344 1375 quani
363 1284 546 1373 gravissima
568 1309 670 1375 poena
692 1296 881 1368 tenerentur,
941 1289 958 1302 '‘
980 1288 1222 1378 flagrantissimo

142 1377 286 1462 ipsorum
307 1376 407 1441 studio
429 1376 462 1441 in
475 1397 624 1441 errorem
646 1373 856 1442 ecclesiastico
879 1377 973 1442 etiam
988 1377 1159 1445 foediorem
1172 1380 1222 1447 in·

143 1463 340 1546 ducerentur,
362 1462 415 1529 alii
436 1460 515 1530 adeo
538 1460 705 1553 deficerent
726 1462 910 1554 areligionc
925 1464 1109 1534 Christiana.
1135 1467 1223 1536 Nam

143 1555 294 1642 quoniam
315 1551 467 1618 ecclesiae
488 1550 629 1617 doctrina
655 1553 816 1619 notionem
843 1553 932 1642 signo
959 1555 1003 1622 ita
1031 1555 1225 1640 contuderat,

141 1651 178 1706 ut
199 1640 259 1707 soli
279 1639 488 1711 caerimoniae
509 1637 696 1728 plurimum,
724 1639 795 1708 [idei
821 1637 988 1709 bominum
1008 1643 1085 1711 nihil
1104 1644 1223 1714 tribue·

141 1739 197 1810 ret,
218 1728 432 1796 illorum'non
453 1728 547 1817 pauci
566 1729 685 1796 inventi
707 1739 794 1812 sunt,
823 1730 880 1823 qui
907 1739 962 1797 aut
989 1744 1223 1802 sacramentum

132 1818 308 1891 ¹comedere
328 1827 519 1899 recusarent,
560 1828 615 1899 ut,
626 1819 653 1885 si
673 1819 706 1886 in
723 1817 855 1885 Domini
874 1822 1062 1888 memoriam
1074 1822 1226 1891 buchen-¹

139 1917 200 1987 tur,
223 1929 352 1973 omnem
373 1928 483 1974 veram
504 1904 530 1972 n'
586 1916 656 1974 rent
677 1908 894 1995 praesentiam.
936 1907 1049 2012 Itaque
1069 1933 1146 1980 cum
1168 1935 1220 1980 er·

140 1994 264 2063 roribus
285 2017 407 2063 errores
428 2004 632 2086 nascerentur
659 1995 877 2084 ecclesiaeque
903 1993 1062 2067 doctnnae
1088 1999 1221 2090 perver-⁴

140 2107 205 2167 sae,
227 2107 311 2175 quae
330 2081 529 2172 emendenda
550 2093 625 2164 erat,
646 2082 723 2151 nihil
743 2083 828 2151 aliud
849 2085 910 2150 nisi
930 2087 1115 2175 opinionum
1130 2087 1222 2157 comss

139 2183 247 2240 menta
275 2183 523 2263 opponerentur,
549 2171 717 2240 seditiones
744 2172 923 2241 oriebantur
949 2171 1118 2265 plurimae,
1146 2201 1225 2245 cru-1

138 2261 279 2329 delitates
308 2261 533 2330 adhibebantur
556 2262 736 2344 inauditae,
769 2264 870 2331 etita
897 2264 930 2330 in
959 2286 1056 2330 omne
1082 2263 1223 2336 donnus

140 2375 243 2442 genus
266 2350 498 2442 erumpebatur,
519 2361 563 2443 ut,
585 2353 640 2442 qui
661 2351 701 2421 de
721 2355 759 2421 iis
781 2351 982 2434 audiverunt,
1010 2377 1135 2421 eorum¹
1151 2357 1222 2424 ani·

138 2464 210 2508 mos
232 2441 323 2531 quasi
343 2439 454 2507 horror
475 2441 704 2533 perstringeret.
748 2443 829 2526 Quis
852 2443 937 2524 enim
959 2453 1016 2525 est,
1043 2442 1221 2535 Albigensi·

137 2527 199 2598 bus
220 2540 253 2597 et
274 2527 506 2620 Waldensibus‚
528 2531 583 2619 qui
603 2541 727 2621 praeter
747 2531 825 2598 alios
851 2554 974 2601 errores
1001 2534 1096 2600 etiam
1117 2545 1220 2603 trans-
1335 2597 1337 2602 ⁴

138 2618 401 2703 substantiationis
423 2617 595 2708 doctrinam
616 2620 872 2710 repudiaverant,
897 2642 919 2687 a
941 2623 1075 2687 summis
1096 2623 1221 2710 pontifi·
1309 2698 1311 2702 Α

138 2706 227 2775 cibus
260 2706 342 2775 bella
370 2705 471 2790 illata,
504 2708 531 2774 si
558 2718 697 2797 reputet,
720 2710 780 2798 .qui
806 2731 886 2790 non,
917 2731 993 2776 cum
1019 2711 1223 2779 immanitatis

138 2794 285 2886 exempla
306 2806 468 2886 comperta
490 2794 803 2888 habeat‘praccipuo
828 2795 968 2888 quodam
993 2799 1091 2865 animi
1112 2797 1222 2868 dolore

138 2907 201 2975 ang
233 2883 292 2950 ur?
314 2885 402 2969 Quis,
427 2885 720 2976 qrrixquaestionem
745 2889 779 2955 in
800 2886 1029 2978 Berengarium
1050 2886 1221 2959 Turonen-

138 2996 207 3041 sem
252 2973 367 3040 abitam
390 2974 418 3042 si
438 2977 629 3064 cognoverit,
650 3012 695 3026 -
716 2976 817 3043 etsie
838 2998 914 3046 vera
932 2977 984 3043 via
996 2977 1065 3066 ipse
1080 2975 1221 3046 deflere·
1257 3059 1259 3063 ¹

137 3072 192 3144 rat,
207 3101 252 3113 -
267 3063 397 3130 minime
418 3085 460 3130 ex
481 3086 584 3154 aequo
609 3061 779 3156 'udicatum
796 3087 867 3132 esse
882 3063 1085 3156 profiteatur?
1101 3106 1141 3120 -
1153 3068 1219 3134 Be-

137 3155 300 3243 rengarius
321 3154 407 3220 enim
427 3164 570 3235 vexatus,
592 3087 770 3237 damnatus,
790 3155 844 3221 vix
865 3155 1041 3222 arnicorum
1059 3155 1221 3244 praesidiis

137 3263 156 3307 a
185 3240 344 3331 suppliciis
380 3240 587 3311 acerbissimis
617 3241 780 3326 liberatus,
811 3244 912 3334 ipsius
948 3241 1102 3323 doctrina,
1135 3266 1220 3332 quae

134 3327 237 3395 mrdto
266 3329 411 3419 propius,
440 3353 537 3419 quarn
563 3329 787 3414 ecclesiastica,
820 3331 861 3398 ad
888 3331 1050 3399 veritatem
1077 3334 1220 3414 accessit,
1309 3363 1312 3368 ·

135 3417 309 3485 multorum
329 3416 494 3486 hominum
515 3420 595 3486 iram
616 3430 724 3488 contra
746 3441 787 3508 pa
810 3440 901 3485 arum
924 3418 1090 3486 duritatem
1111 3423 1218 3487 conci·
1259 3494 1261 3498 μ

134 3508 220 3588 tavit,
242 3529 418 3596 eorumque
438 3505 525 3573 haud
544 3506 588 3573 ita
609 3508 729 3596 paucos
748 3442 877 3588 induxit,
899 3518 935 3574 ut
956 3507 977 3576 a
997 3506 1148 3598 religione
1169 3507 1216 3577 di-
1343 3516 1347 3524 '

135 3597 249 3662 vinitus
277 3593 388 3662 tradita
417 3598 544 3662 omnino
574 3594 808 3685 degenerarent
857 3595 983 3664 Etenim
1009 3597 1076 3662 fere
1104 3596 1241 3677 eodemv

134 3693 286 3776 tempore,
309 3707 373 3774 quo
395 3684 471 3751 vixit
490 3685 717 3776 Berengarius,
746 3686 929 3754 exstiterunt
950 3683 1077 3777 plurimi
1103 3685 1218 3754 haere-

134 3774 199 3853 tici,
221 3773 307 3840 velut
329 3772 473 3855 Cathari,
500 3775 555 3862 qui
581 3796 657 3841 cum
685 3773 801 3864 dogma
822 3776 977 3866 paparum
999 3787 1217 3843 commentum

136 3883 211 3935 esse
230 3861 442 3963 intelligerent,
464 3864 533 3953 ejus
552 3864 798 3958 'perversitatem
827 3863 955 3967 quidem
980 3863 1156 3945 abolerent,
1184 3865 1218 3932 in
1325 3907 1328 3911 ψ

136 3960 327 4017 contranum
343 3976 418 4021 vero
431 3975 580 4032 errorem,
598 3976 662 4019 non
674 3955 780 4019 minus
790 3955 1001 4041 pcmrciosum
1011 3952 1217 4020 illaberentur.

135 4036 223 4107 Nam
243 4039 320 4106 cu'm
342 4052 497 4110 sectarum
520 4039 608 4132 origo
630 4064 757 4132 semper
784 4041 824 4109 ab
851 4041 889 4110 iis
910 4051 1069 4129 repetatur
1091 4052 1216 4133 tempo„

136 4127 229 4211 ribus,
252 4127 366 4218 quibus
388 4129 571 4198 Cluistianis
593 4131 639 4215 iis,
663 4132 726 4222 qui,
749 4129 851 4214 divino
875 4131 1014 4221 quodam
1036 4130 1146 4219 spiritu
1160 4132 1221 4198 al?

137 4214 209 4299 flati,
231 4217 406 4286 doctrinam
427 4221 613 4308 cogitatione
635 4222 814 4311 percipiant,
833 4223 913 4287 ratio
934 4218 1098 4285 universae
1113 4217 1217 4288 eccless

137 4307 202 4374 siae
224 4307 378 4376 erroribus
401 4317 514 4408 captae
534 4307 585 4375 vel
605 4310 745 4378 mamare
766 4308 940 4400 displiceat:
973 4311 1123 4392 coaevo,
1151 4331 1215 4400 quc

188 4397 306 4452 tientes,
319 4398 348 4440 ds
361 4397 478 4440 suebumt.
994 4396 1014 4464 5
