2714 4912
565 332 786 426 -472

133 493 342 585 intelligitivar
365 494 408 559 ita
429 513 494 558 non
515 501 672 580 repugnat
693 489 845 572 divisibili,
874 488 960 578 quod
981 487 1157 558 seeundum
1178 513 1214 558 se

135 595 237 652 totum
259 583 419 650 coexsistit
441 580 534 648 alicui
554 583 611 646 toti
632 588 664 645 et
683 578 812 645 ,cuilibet
832 581 900 669 ejus
922 582 1037 669 partia)

223 671 322 738 Multa
342 681 450 738 autem
469 669 559 758 sequi
574 691 613 734 ex
628 667 976 734 transsubstantiationis
995 668 1134 735 doctrina
1148 693 1214 738 non

133 760 281 829 infitiatur
301 759 397 842 velut,
425 782 500 826 cum
524 759 626 823 omnis
647 755 749 825 hostia
770 779 885 845 corpus
907 756 1024 825 Christi
1048 761 1215 842 contineat,

135 849 234 916 altera
256 874 275 918 a
297 848 460 916 sacerdote
482 844 556 926 tolli,
584 844 682 912 altera
708 844 827 912 demitti
877 847 966 927 ossit,
992 856 1028 912 ut
1055 847 1216 937 quodlibet

135 961 253 1028 eorpus
279 938 417 1005 eodem
444 945 585 1024 tempore
614 933 765 1023 duplici
790 867 887 1000 morlo
920 945 1104 1018 moveatur,
1138 936 1214 1003 duo
1276 954 1280 961 ·

134 1051 212 1095 vero
235 1049 370 1116 corpora
392 1023 507 1090 simul
529 1022 659 1091 eodem
686 1022 759 1090 loeo
787 1047 858 1090 esse
879 1024 1007 1111 possint
1050 1023 1217 1116 EJusmodi

132 1108 243 1185 autem
266 1116 486 1205 quaestionum
507 1136 624 1203 genere
646 1136 685 1179 eo
702 1112 862 1180 lubentius
876 1111 1044 1178 utebantur
1057 1114 1216 1201 permulti,

136 1229 200 1295 quo
223 1203 315 1292 plura
328 1205 361 1268 in
384 1202 537 1292 dogmatis
558 1203 678 1268 ratione
701 1201 936 1291 comprobanda
958 1200 1215 1269 desiderarentur.

134 1294 245 1382 ltaque
268 1291 307 1358 de
328 1303 478 1380 tempore,
500 1296 558 1380 per
581 1291 667 1381 quod
687 1292 799 1357 vinum
821 1301 852 1358 et
873 1291 964 1379 panis
990 1292 1023 1356 in
1046 1313 1161 1380 eorpus
1184 1304 1216 1358 et

136 1383 321 1470 sanguinem
345 1403 497 1447 conversa
518 1392 697 1461 manerent,
723 1402 847 1471 magna-
869 1381 1052 1469 opinionum
1073 1383 1131 1446 luit
1151 1381 1215 1448 dis·

137 1473 251 1551 sensio,
274 1467 512 1557 dubitatumque
535 1477 592 1548 est,
619 1491 698 1533 num
721 1491 740 1535 a
761 1467 1082 1535 brutisantmalibus.
1100 1493 1217 1559 corpus

136 1559 253 1625 Christi
273 1568 460 1637 sumeretur,
481 1558 541 1623 etsi
556 1555 722 1625 videretur.
760 1557 814 1623 sie
829 1559 913 1623 enim
929 1558 1044 1624 Petrus
1059 1557 1215 1627 Lombar·

135 1646 224 1733 tusa)
243 1647 407 1738 judicavit:
431 1669 450 1713 a
472 1645 570 1712 brutis
591 1644 778 1712 animalibus
799 1668 915 1734 eorpus
933 1644 1052 1720 ‚Christi
1073 1670 1138 1713 non
1160 1673 1215 1717 su-

135 1738 238 1817 mitur,
261 1738 320 1801 etsi
341 1735 475 1803 videtur
500 1733 596 1820 ,Quid
616 1735 712 1824 igitur
733 1735 829 1800 sumit
849 1758 931 1817 mus,
953 1732 1006 1800 vel
1027 1735 1103 1824 quid
1124 1759 1217 1804 man-

134 1823 249 1891 ducat?
270 1823 363 1890 Deus
392 1823 516 1891 ηονίῑῐα
537 1862 582 1875 ·-
611 1824 731 1890 Contra
750 1821 928 1891 Alexander
954 1822 1114 1906 Halmius,
1141 1850 1218 1895 curn

135 1913 176 1980 de
198 1936 295 1980 earo
324 1913 497 1980 doctrinam
526 1914 754 1979 accuratiorem
782 1935 941 2002 exponere
961 1911 1068 1995 vellet,
1095 1938 1218 1985 numa

135 2001 228 2069 bruto
256 1999 383 2067 animali
405 2001 522 2068 Christi
549 2023 667 2089 corpus
694 2000 839 2067 ederetur
865 2012 898 2068 et
923 2004 957 2069 in
984 2005 1053 2093 ejus
1074 2016 1219 2074 ventrem
1277 2057 1282 2063 .

136 2089 329 2182 dejiceretur,
350 2091 384 2157 in
405 2098 715 2179 utramquepartem
736 2089 892 2158 disseruit.
930 2090 979 2157 Ad
998 2094 1218 2183 interrogatio*

137 2204 212 2247 nem
241 2179 515 2246 affirmandam
543 2176 696 2246 nonnulla
721 2179 901 2268 proposuit,
925 2177 1026 2245 vehit:
1054 2179 1219 2256 Deumin

136 2267 298 2335 hominem
319 2269 468 2334 vitiosum
490 2267 624 2359 flagrare
645 2269 766 2358 majore
787 2265 902 2334 invidia
920 2290 1017 2359 quam
1038 2269 1071 2334 in
1092 2270 1220 2352 animal,

138 2380 202 2447 qua
224 2357 264 2423 de
286 2380 384 2423 causa
406 2357 522 2424 Christi
548 2379 664 2445 corpus
692 2355 816 2423 comedi
842 2360 936 2445 posse
962 2355 1136 2441 viderettu,
1163 2359 1220 2429 sed

138 2457 247 2512 tamen
268 2445 389 2535 objecit,
411 2447 546 2512 hominis
561 2447 665 2512 vitiosi
680 2444 782 2512 odisse
799 2445 908 2512 Deum
919 2444 1059 2536 eulpam,
1080 2472 1145 2515 non
1158 2473 1219 2517 na·

136 2545 250 2616 turam,
273 2558 354 2623 quae
377 2556 503 2622 semper
521 2533 637 2600 idonea
659 2544 742 2600 esset
763 2533 803 2600 ad
818 2536 999 2622 accipienda
1013 2549 1220 2622 sacramenta,

140 2623 173 2689 id
196 2622 281 2713 quod
302 2627 367 2691 non
390 2622 517 2690 caderet
537 2625 569 2690 in
584 2623 712 2689 brutum
728 2622 851 2688 animal.
882 2623 1048 2712 Denique:
1070 2628 1116 2706 „si
1132 2627 1220 2694 canis

139 2712 189 2779 vel
215 2736 331 2803 porcus
358 2710 524 2803 deglutiret
549 2711 684 2776 hostiam
714 2719 929 2776 consecratam
956 2714 1127 2802 integram,
1154 2738 1220 2784 non
1331 2708 1337 2717 ²

139 2801 244 2883 video,
264 2824 327 2890 qua
349 2824 383 2867 re
405 2824 522 2889 corpus
536 2799 652 2867 Christi
672 2821 737 2865 non
758 2797 853 2864 sunsit
873 2801 1065 2890 trajiceretur
1083 2803 1116 2869 in
1139 2829 1218 2873 ven-

138 2901 219 2956 trem
241 2891 328 2956 eanis
348 2888 401 2955 vel
422 2891 538 2979 porci‚“
557 2928 602 2938 -
625 2888 711 2977 quod
731 2886 872 2955 dubitare
891 2889 1049 2978 videtur.¹)
1081 2891 1219 2962 Alexan*

139 2979 196 3045 dro
219 2988 326 3046 autem
348 2979 507 3044 consensit
528 2977 670 3044 'l'homas
691 2978 867 3067 Aqtunas,¹)
891 2981 945 3068 qui
965 2981 993 3045 si
1008 3004 1082 3046 mus
1097 2982 1150 3049 vel
1163 3006 1219 3051 ea·

140 3070 189 3135 nis
210 3065 345 3133 hostiam
369 3076 583 3133 consecratam
605 3064 802 3148 comederet,
829 3091 941 3137 revera
962 3092 1079 3159 corpus
1104 3071 1220 3140 Christi

139 3156 264 3224 comedi
285 3159 413 3248 putavit,
436 3158 520 3247 quia,
542 3179 617 3222 eum
639 3157 729 3247 panis
750 3156 920 3223 substantia
942 3168 1098 3238 maneret,
1125 3162 1221 3228 etiam

141 3245 259 3312 Christi
280 3268 396 3334 corpus
418 3267 547 3312 manere
570 3244 705 3312 deberet.
751 3244 826 3330 Qua
852 3246 981 3335 quidem
1009 3248 1130 3316 ratione
1155 3272 1221 3317 non

138 3333 257 3400 domini
278 3332 459 3424 dignitatem
473 3333 580 3423 pollui,
602 3336 719 3424 quippe
734 3336 798 3424 qui,
818 3336 981 3423 majestate
1002 3357 1067 3402 non
1085 3335 1182 3419 laesa,
1203 3361 1223 3405 a

141 3422 357 3513 peccatoribus
378 3424 411 3488 in
434 3445 528 3487 cruce
550 3445 585 3488 se
607 3422 690 3512 affigi
704 3433 861 3511 pateretur
883 3460 927 3472 ——
949 3427 1133 3514 praesertim
1148 3449 1223 3494 cum

140 3511 258 3578 Christi
279 3533 395 3601 eorpus
415 3532 481 3576 non
501 3513 536 3576 in
556 3511 658 3577 forma
678 3511 777 3600 ipsius
800 3513 940 3602 propria,
967 3512 1025 3578 sed
1044 3514 1146 3582 forma
1168 3539 1220 3583 sa·

138 3601 292 3667 eramenti
313 3598 530 3690 deglutiretur,
559 3622 672 3665 eorum
699 3622 774 3665 vero
802 3602 1003 3682 sententiam,
1032 3605 1086 3692 qui
1114 3628 1221 3673 sacra»

138 3699 345 3769 aramentum,
367 3689 492 3779 quoties
518 3685 714 3753 animalibus·
733 3700 924 3770 sumeretur,
951 3693 1043 3756 toties
1071 3692 1222 3762 ducerent

139 3776 282 3843 desinere
306 3801 386 3860 esse,
409 3775 497 3866 quod
518 3786 617 3857 esset,
644 3775 797 3868 derogare
824 3780 989 3845 veritatem
1003 3792 1222 3849 sacramento.

139 3866 287 3932 Attamen
307 3866 576 3952 Bonaventura:‘)
606 3864 896 3956 Quantumcunque
917 3865 998 3935 haee
1019 3872 1124 3960 opinio
1146 3895 1220 3938 mu·

140 3956 252 4033 niatur,
271 3954 380 4043 inquit,
407 3977 573 4045 nunquam
599 3964 707 4022 tamen
734 3954 814 4022 adeo
842 3959 995 4039 munitur,
1024 3961 1102 4048 quin
1129 3983 1223 4027 aures

141 4045 212 4134 piae
233 4040 296 4108 hoc
318 4043 504 4112 abhorreant
525 4043 643 4125 audire,
666 4042 751 4133 quod
769 4045 925 4112 inventre
939 4049 1039 4112 muris
1054 4049 1093 4113 sit
1107 4048 1223 4116 Christi

142 4153 180 4198 co
219 4140 285 4200 tts.“
303 4169 352 4192 .—-·
373 4131 479 4200 Nihilo
500 4144 608 4201 tamen
630 4135 735 4200 minus
748 4133 891 4202 Thomas
901 4137 1042 4223 Aquinas
1063 4134 1149 4225 apud
1166 4161 1220 4207 ae·

143 4155 252 4309 quffies
274 4220 456 4288 auctoritate
477 4231 562 4300 tanta
582 4221 695 4305 valuit,
721 4234 758 4290 ut
777 4225 878 4312 ipsius
898 4225 1051 4290 sententia
1071 4226 1221 4316 probare·

142 4319 204 4392 tur,
223 4308 395 4381 hembardi
414 4315 447 4379 et
463 4307 711 4393 'Bonareuturae
731 4313 921 4404 rejiceretur,
940 4309 1031 4380 illius.
1043 4325 1151 4385 autem
1171 4315 1221 4384 lo-
