2714 4912
551 319 864 386 ·-22-

221 479 283 561 liat,
304 487 339 545 ut
359 475 483 571 singuli,
505 477 559 566 qui
580 496 619 544 ea
640 485 741 542 aetate
761 475 887 554 vivunt,
914 472 1058 541 resistere
1078 493 1144 541 non
1164 475 1298 565 possint,

220 590 263 635 ne
284 567 406 633 mediae
428 567 536 634 aetatis
553 565 719 656 magistris,
742 562 827 654 quod
846 561 891 630 illi
911 561 1050 653 dogmati
1068 564 1212 652 eomodo
1236 587 1297 630 ex-

221 654 367 812 ponendo
388 657 528 735 laverint,
548 655 622 720 vitio
644 654 736 720 nimis
756 673 873 743 magno
897 661 1072 733 vertamus,
1099 675 1213 719 cavere
1236 651 1296 719 de-

243 767 342 810 emus.
385 744 509 810 Etenim
531 765 606 809 cum
636 743 777 833 aprima
799 738 951 808 ecclesiae
973 738 1169 807 Christianae
1191 750 1298 809 aetate

118 839 121 845 ’
221 835 253 901 in
274 834 349 937 ipsis
370 829 402 898 lo
425 831 521 898 uendi
542 829 696 911 formulis,
726 852 807 933 quae
829 831 861 895 in
884 827 1072 896 orationibus
1094 840 1126 897 ει
1146 829 1297 920 precibus

121 975 124 983 .
222 918 361 988 adhiberi
382 857 530 1001 sdebanr,
553 921 621 1010 ejus
648 941 761 986 erroris
789 941 898 985 semen
923 919 966 983 ita
988 914 1111 999 lateret,
1133 928 1170 986 ut
1189 916 1298 986 homi-

220 1033 308 1091 num,
337 1011 391 1100 qui
411 1011 578 1076 notionem·
595 1009 633 1074 iis
659 1009 856 1099 injiciendam
878 1008 1063 1098 cogitatione
1090 1008 1299 1098 perciperent,

222 1098 381 1166 doctnnae
401 1099 521 1170 ratione
538 1099 653 1166 sensim
670 1095 793 1188 prodire
809 1095 986 1177 deberet,
1008 1098 1112 1186 potius
1127 1098 1298 1166 universae

222 1196 295 1253 ante
321 1186 576 1255 Reformatorum
605 1196 747 1275 tempora
776 1182 943 1265 ecelesiae,
973 1208 1069 1276 quam
1096 1183 1296 1276 singulorum

221 1273 385 1344 bominum
406 1275 568 1344 socordiae
589 1273 771 1341 tribuendus
793 1284 847 1342 est
890 1272 954 1358 Qui
998 1272 1103 1339 uidem
1126 1297 1217 1340 error«
1238 1298 1298 1364 per

221 1387 257 1430 se
279 1387 400 1450 errores
422 1366 531 1456 genuit
551 1361 805 1454 calamitatesque
826 1385 958 1519 magnas
976 1296 1166 1430 (bhnstianis
1186 1362 1297 1431 intulit

112 1521 116 1525 ,
221 1451 289 1519 Sed
310 1452 440 1520 demum
462 1477 501 1519 eo
525 1475 614 1534 aevo,
636 1475 699 1542 quo
726 1462 883 1519 transsu
917 1452 1187 1519 stantiationis
1205 1474 1296 1520 com·

221 1551 364 1607 mentum
387 1564 541 1632 paparum
563 1543 745 1608 auctoritate
767 1543 921 1607 sancitum
944 1549 1006 1620 est,
1027 1541 1235 1622 miseriarum,
1255 1552 1312 1616 ut¹

220 1630 263 1695 ita
286 1629 397 1711 dicam,
418 1629 539 1697 radices
560 1629 711 1720 plurimas
732 1631 836 1720 egisse
856 1628 1006 1695 videatur.
1038 1627 1148 1719 ltaque
1170 1629 1210 1696 dc
1227 1631 1296 1719 ejus

220 1721 522 1785 omniummaxime
544 1719 711 1810 perniciosi
731 1718 844 1785 erroris
866 1718 985 1808 origine
1009 1727 1041 1784 et
1063 1728 1175 1787 natura
1196 1721 1297 1787 [usius

220 1807 437 1876 disserendum
460 1830 530 1877 esse
552 1806 690 1875 arbitror.

413 2134 463 2208 11.
515 2071 1095 2217 unaussonsuaurnuro

412 2243 416 2250 ’
502 2313 525 2373 1.
567 2309 694 2372 oniae
715 2309 808 2372 nius
828 2308 1014 2402 nunonis.
1108 2267 1110 2271 ⁸

651 2455 717 2501 Aua.
743 2451 1041 2501 Transsuostanttatlonts
1058 2455 1183 2500 vocabalo
1200 2464 1234 2502 eo
1249 2468 1293 2502 rra-

746 2520 824 2585 aione,
842 2534 908 2580 auco
924 2523 1046 2573 tutissimo
1063 2531 1140 2584 patet,
1155 2537 1219 2575 usas
1231 2538 1293 2575 sun.

713 2655 742 2743 §.
771 2656 801 2724 7.

277 2806 292 2820 ·'
306 2778 403 2870 Origo
426 2782 509 2871 ejus,
533 2780 587 2867 qui
615 2778 720 2846 media
742 2789 845 2846 aetate
873 2788 905 2846 et
932 2786 1059 2844 exortus
1088 2787 1120 2845 et
1147 2775 1293 2847 defensus

217 2876 274 2951 est,
298 2866 646 2934 transsubstantiationis
669 2865 782 2934 erroris
803 2891 868 2934 non
889 2867 994 2933 minus
1015 2864 1054 2932 ab
1072 2867 1219 2956 antiquae
1239 2892 1291 2936 ec·

217 2953 332 3021 clesiae
355 2954 507 3043 dissensu,
529 2979 673 3046 quam-a
698 2955 930 3023 Germanorum
958 2954 1148 3045 populorum
1175 2956 1290 3023 incli-

217 3044 379 3110 natione
402 3045 540 3135 quadam
562 3045 603 3110 ad
625 3047 714 3136 signa
736 3046 862 3111 notione
885 3043 1103 3111 confundenda
1124 3067 1159 3112 re
1182 3044 1294 3113 etenda

217 3142 271 3200 est
300 3132 368 3226 'De
397 3136 500 3224 priore
528 3133 656 3222 quidem
685 3156 782 3201 causa
809 3137 889 3200 inter
916 3130 1081 3224 theologos
1110 3070 1291 3215 catllolicos,

216 3220 424 3303 Lutheranos,
441 3221 633 3290 'Calvinistas
655 3232 726 3313 post
747 3222 1002 3289 Reformatorum
1023 3232 1166 3312 tempora
1188 3233 1291 3304 certa·
1318 3280 1323 3290 .

215 3332 290 3378 men
312 3312 423 3377 initum
446 3321 494 3377 est
515 3312 759 3379 acerbissimum.
797 3310 833 3378 ln
854 3333 946 3377 suam
965 3311 1050 3377 enim
1069 3314 1203 3402 piisque
1219 3336 1292 3381 sen·

216 3401 343 3466 tentiam
372 3422 447 3466 cum
474 3403 613 3468 maxima
640 3402 713 3468 data
742 3422 838 3490 opera
871 3409 996 3490 patrum
1024 3399 1112 3468 locos
1139 3403 1292 3493 interpre-

216 3489 274 3553 tari
302 3498 489 3571 conaretur,
524 3500 680 3561 nontam
709 3513 821 3556 eorum
853 3512 966 3557 veram
1001 3491 1185 3557 sententiam
1244 3515 1292 3558 er·

215 3578 362 3658 scrutari,
391 3602 488 3668 quam
514 3579 552 3643 iis
581 3577 748 3647 salsissime
782 3577 974 3669 explicandis
1014 3601 1126 3658 sua-m
1158 3515 1293 3669 probare

213 3663 346 3730 volebat.
371 3668 478 3750 Quam
501 3667 541 3733 ob
563 3691 632 3754 rem
654 3670 781 3735 omnino
803 3691 917 3734 verum
933 3677 990 3747 est,
1013 3667 1098 3758 quod
1114 3664 1291 3737 Marhei·

214 3753 431 3841 neckeius·)
450 3755 489 3822 de
511 3757 666 3846 ejusmodi
681 3757 782 3834 studio
801 3755 932 3822 'udicatz
955 3757 1010 3837 „Si
1027 3764 1150 3845 'spectas
1169 3756 1290 3825 Catho-

214 3841 339 3924 licum,“
360 3845 469 3933 inquit,
491 3848 547 3926 „in
569 3856 705 3936 patrum·
718 3846 758 3911 de
779 3780 976 3911 docharistia
1001 3844 1170 3909 sententias
1184 3847 1289 3938 inqui·

213 3942 344 4014 rentem,
362 3956 473 3999 omnes
494 3934 532 3999 id·
548 3957 649 4000 unum
671 3932 807 4023 profiteri
828 3934 987 4012 videntur,
1009 3942 1165 4022 coguntur
1186 3938 1290 4017 etiam,

210 4019 285 4087 earn
309 4046 379 4088 esse
401 4023 610 4113 praesentiam
634 4022 750 4089 Christi
770 4023 803 4089 in
825 4044 914 4087 sacra
935 4043 1045 4101 coena,
1068 4044 1132 4110 qua
1153 4045 1287 4089 conver·
1335 4043 1339 4050 0

213 4109 259 4174 sio
284 4109 317 4175 lit
338 4113 516 4201 specierum
537 4111 570 4175 in
592 4132 709 4199 corpus
726 4120 758 4176 et
773 4111 960 4199 sanguinem
977 4108 1108 4178 domini:
1121 4109 1287 4177 -siLuthe·

108 4198 110 4205 '
213 4219 328 4262 ranum
350 4199 456 4280 audis,
482 4196 616 4278 realem,
644 4200 671 4264 si
693 4198 920 4278 Reformatum,
941 4199 1145 4288 symbolicam
1173 4199 1290 4267 docent

214 4308 334 4354 omnes.
369 4287 465 4373 Quod
487 4287 615 4380 quidem
638 4289 665 4356 si
681 4285 880 4411 Cadrogcum
897 4287 1012 4359 decere
1032 4287 1212 4380 largiamur,
1235 4293 1287 4360 cui
