2714 4912
481 338 526 389 -·-·
556 335 613 429 ,tt-
655 300 718 403 .-‘

53 491 227 555 commentarii
245 504 272 552 in
289 503 420 561 epistotam
442 504 551 561 orionem
574 504 606 550 ad
629 495 787 553 corintiniani
806 499 955 563 (amatory
977 503 1136 562 §manegium

54 579 130 627 editio
148 572 434 632 nasamonium.)
460 576 547 636 „sicut
566 575 638 630 uanis
657 581 681 620 et
698 577 789 637 vinum,
808 588 878 642 uuae
892 579 999 633 quotidie
1017 579 1136 624 sacerdo-

55 655 96 696 tes
110 650 136 695 tu
151 648 259 696 ecclesia
273 652 427 707 consecrant,
443 658 488 702 per
501 644 704 693 sanctificationis
719 649 831 710 gratiam,
855 660 906 703 qua
926 649 1062 696 divinitatis
1079 651 1135 715 9¹07

58 719 144 768 mitada
163 725 187 765 at
205 719 285 766 virtus
303 719 354 765 ista
372 720 460 774 reniet,
479 716 505 761 in
523 727 614 770 coruus
633 721 657 761 et
675 719 822 773 sanguinem
839 725 1016 766 transeunt.
1036 729 1083 765 -t
1100 721 1138 767 ita

55 798 166 852 quoque,
186 802 240 837 cum
258 789 332 845 nanis
350 789 393 834 iiie
413 797 429 833 a
446 787 559 833 ideiitius
575 787 602 832 tn
619 798 695 834 sacra
713 791 883 837 communione
899 791 1021 846 frangitur
1044 796 1069 836 et
1092 802 1136 837 eo·

55 863 169 922 meditor,
186 860 301 908 cbristus
318 871 364 915 uer
377 863 425 904 nac
441 858 588 904 immutatur.
608 878 642 890 -
659 859 788 905 credimus
802 883 836 895 -
850 864 915 916 quoti
929 862 1070 908 substantia
1084 862 1137 922 iiia,

56 933 133 991 panis
151 933 247 980 sciiieet
266 937 290 977 at
309 930 370 988 vini,
389 941 433 984 uer
451 929 619 984 onerationem
636 930 737 976 divinae
750 925 852 979 virtutis
865 933 1062 979 substantialiter
1076 945 1136 980 con·

57 1009 172 1051 vertatur
188 1004 215 1049 in
233 1003 309 1048 aiiam
327 1000 500 1059 substanttam,
519 1000 543 1044 itt
561 1005 609 1059 est,
626 1000 652 1045 in
671 1011 772 1049 earnem
790 1008 814 1048 ct
839 997 1011 1059 sanguinem.“
1047 1005 1137 1059 Apua-

57 1079 106 1134 ret,
124 1077 281 1130 liaymonem
299 1070 340 1117 iris
358 1071 441 1117 vertis
459 1071 745 1118 transsubstantiationis
762 1072 897 1119 doctrinam
921 1075 1033 1134 tradere,
1056 1085 1138 1128 neque

56 1146 186 1201 arctantia
204 1151 244 1191 est
261 1141 388 1207 sententia·
401 1141 606 1197 flosuiniani:
632 1142 696 1188 nist.
718 1148 830 1192 sacram.
847 1147 868 1190 1.
889 1156 914 1200 ii·
929 1146 996 1193 m.
1021 1146 1064 1198 oui
1081 1148 1138 1208 ejus

57 1217 196 1263 doctrinam
218 1215 251 1260 att
278 1224 350 1261 suom
371 1213 463 1268 ingere
489 1213 582 1259 studet.
617 1203 675 1274 (ct.
695 1215 788 1262 hiatui.
811 1217 868 1262 Act.
891 1220 917 1261 s.
935 1220 961 1262 s.
984 1220 1031 1262 eet.
1048 1217 1094 1262 iv.
1112 1218 1140 1262 2.

56 1286 144 1338 Praei.
164 1289 210 1332 ito.
229 1285 272 1332 titi.
291 1281 348 1336 38.)
385 1284 478 1330 contra
494 1284 657 1340 assuage:
679 1285 746 1334 illst.
765 1287 795 1332 da
811 1286 909 1341 l'duitsa
926 1286 988 1333 914.
1006 1297 1140 1342 argumen-

57 1357 93 1403 tis
111 1369 161 1402 non
179 1356 241 1403 satis
259 1355 354 1401 idoneis
372 1356 457 1402 altatis
474 1358 541 1401 tunc
558 1361 690 1402 tractatum
712 1367 762 1402 nou
780 1360 811 1403 ab
829 1359 991 1413 flsymone
1013 1359 1140 1414 compost-

60 1433 113 1473 tnm
131 1438 189 1473 esse
207 1431 300 1484 censet,
319 1426 408 1481 ooitige
425 1425 572 1472 Histoire
590 1425 742 1473 itteraire
760 1428 795 1473 de
812 1431 845 1475 ia
862 1432 992 1482 aranee.
1027 1431 1089 1476 'rom
1106 1430 1140 1476 u.

58 1507 85 1554 ιι.
103 1499 162 1544 ata.
195 1496 265 1544 muln
283 1499 348 1543 nom
366 1497 413 1542 due
425 1496 564 1562 ‘d'Acirery
580 1508 645 1542 nous
664 1507 680 1542 a
698 1497 778 1545 donne
795 1510 829 1544 un
847 1499 920 1546 traitd
938 1500 1078 1555 d'flaymou
1096 1500 1141 1547 sut

57 1568 240 1626 l'nuotaristie,
259 1568 321 1621 uu'ii
338 1567 408 1612 avait
425 1565 515 1614 troard
533 1586 569 1597 -
587 1567 651 1614 dans
668 1578 702 1613 un
719 1576 861 1615 monument
878 1571 952 1617 dest.
966 1572 1092 1617 uermaiu.
1104 1588 1141 1605 -·

58 1639 95 1691 ce
108 1639 181 1686 truita
199 1644 239 1684 est
253 1633 270 1684 a
282 1641 309 1684 ia
323 1637 403 1685 veriti
417 1638 467 1684 fort
485 1642 566 1697 court,
584 1638 679 1689 maisit
692 1640 750 1684 u'en
764 1646 804 1688 est
816 1651 863 1695 aas
873 1641 1046 1687 estimatie-
1055 1664 1088 1676 -
1098 1663 1142 1691 -.

57 1711 82 1757 it
99 1721 120 1766 y
137 1722 154 1757 a
170 1713 300 1765 beaucoup
323 1710 502 1769 d'aonarenae,
526 1719 575 1767 que
599 1711 716 1768 naiman
738 1711 763 1760 is
787 1722 907 1769 composa
930 1721 994 1770 nour
1015 1712 1143 1771 i'onuoaer

60 1791 116 1831 ttttx
134 1791 234 1828 erreurs
252 1781 283 1827 de
301 1782 366 1828 Jean
383 1783 443 1830 scot
460 1785 507 1828 aet.

553 1965 582 2052 o.
604 1969 656 2034 te.
689 2003 698 2017 ·

151 2085 218 2156 Sed
239 2097 361 2156 tantum
383 2086 489 2172 abluit,
510 2099 547 2156 ut
567 2098 600 2156 et
620 2090 656 2171 ii,
685 2110 766 2180 quos
791 2089 888 2161 modo
909 2091 1084 2172 nominavi,
1112 2101 1145 2159 et

60 2177 118 2270 qui
139 2188 303 2266 praeterea
325 2202 365 2246 eo
386 2176 530 2270 tempore
559 2177 598 2245 de
626 2188 823 2246 sacramento
853 2178 955 2245 altaris
983 2179 1145 2249 Paschasii

61 2269 249 2336 sententiam
268 2270 449 2336 assensione
467 2266 729 2359 comprobabant,
751 2265 930 2356 disciplinae
949 2267 1145 2336 Christianae

59 2357 203 2445 magistri
225 2359 419 2447 argumentis
442 2359 557 2425 exindo
578 2355 749 2424 disserendi
767 2355 933 2424 subtilitate
955 2357 1055 2424 allatis
1074 2381 1146 2425 eam
1173 2411 1177 2425 ,

60 2445 250 2514 confirmare
272 2457 475 2528 conarentur,
497 2448 581 2513 utin
598 2445 664 2513 sola
684 2457 865 2513 sanctorum
887 2456 1013 2535 patrum
1031 2457 1063 2514 et
1079 2446 1144 2514 Pa·

61 2532 178 2601 schasii
192 2533 349 2616 Radberti,
374 2539 428 2626 qui
447 2534 621 2625 plurimum
638 2534 804 2624 pollebant,
820 2537 1001 2603 auctoritate
1015 2557 1146 2602 omnem

60 2621 254 2692 collocarent
275 2623 430 2691 fiduciam.
470 2622 596 2690 Etenim
618 2627 700 2690 sicut
720 2626 753 2690 in
774 2624 963 2705 hominibus,
985 2626 1048 2714 qui,
1070 2646 1146 2691 cum

64 2734 85 2778 a
107 2711 196 2779 cultu
218 2723 250 2779 et
271 2712 465 2781 humanitate
488 2713 597 2794 absint,
627 2712 667 2778 ad
693 2710 867 2778 litterarum
894 2735 1056 2778 sacrarum
1078 2720 1145 2777 stu·

64 2799 118 2868 dia
142 2803 264 2868 animos
285 2825 350 2868 non
371 2805 519 2884 referunt,
541 2799 609 2869 sola
630 2800 732 2868 fides
753 2811 802 2866 est
818 2802 1145 2882 sententiarumratio,

63 2911 164 2980 quarn
186 2890 227 2955 ob
248 2912 317 2957 rem
340 2889 443 2958 divina
470 2893 539 2983 ejus
568 2893 680 2957 veritas
706 2912 782 2957 cum
808 2890 966 2956 erroribus
993 2891 1149 2980 perversis

63 2976 212 3046 facillima
240 2981 477 3046 commiscetur:
504 2980 550 3047 sic
574 2977 619 3044 illi
647 2978 805 3046 doctrinae
833 2979 1027 3046 Christianae
1054 3001 1148 3068 prae·

64 3078 220 3157 captores,
234 3091 360 3136 cumea
375 3078 476 3137 aetate
490 3070 587 3135 vitam
601 3068 758 3158 degerent,
773 3070 886 3158 quain
903 3067 1004 3136 Gallia
1020 3078 1051 3134 et
1066 3069 1148 3134 Ger-

64 3157 172 3224 mania
193 3155 365 3224 litterarum
387 3160 478 3249 quasi
504 3158 674 3247 primordia
692 3159 869 3240 existerent,
888 3157 1086 3247 quaestiones
1108 3154 1149 3222 de

67 3268 106 3313 ea
123 3268 280 3313 reomnes
295 3249 458 3338 fugientes,
477 3245 844 3315 adclurissimorum
860 3246 1062 3313 hominum
1080 3245 1148 3334 opi·-

67 3335 179 3403 ttiones
194 3357 286 3401 suam
299 3337 441 3424 ipsorum
459 3336 787 3404 accommodaverunt.
809 3334 960 3424 Namque
977 3334 1151 3401 curatione

67 3422 274 3492 versabantur
295 3424 328 3490 in
349 3448 464 3505 errore,
485 3436 522 3490 ut
543 3427 611 3516 ejus
631 3436 698 3491 tam
718 3421 796 3489 nihil
815 3423 873 3489 sibi
901 3424 1017 3490 conscii
1038 3431 1152 3502 esseut,

67 3523 104 3580 ut
125 3514 256 3579 minima
278 3511 405 3603 quidem
428 3512 575 3579 dubitatio
596 3512 634 3578 iis
655 3521 843 3579 moveretur.
875 3510 1015 3601 Nequei
1038 3511 1099 3577 'tur
1119 3509 1152 3577 id

68 3602 309 3682 contenderunt,
337 3614 372 3669 ut
397 3603 539 3693 ingentes
569 3599 776 3682 difficultates,
805 3600 920 3690 quibus
948 3622 987 3667 ea
1034 3600 1152 3667 octrina

69 3690 229 3757 obstructa
257 3701 337 3773 erat,
365 3701 623 3782 argumentorum
645 3689 773 3756 fallaciis
795 3699 990 3772 amoverent,
1015 3692 1150 3777 scrupu'-
1193 3757 1194 3760 ,

67 3775 191 3867 lesque,
213 3781 267 3869 qui
288 3781 446 3848 mentibus
472 3779 638 3846 hominurn
663 3781 789 3871 ingenio
818 3788 911 3846 acuto
939 3780 1152 3868 praeditorum

69 3868 174 3958 injecti
201 3880 319 3951 essent,
348 3872 533 3937 eximerent:
566 3868 623 3935 sed
651 3892 725 3935 cum
753 3869 814 3957 ipsi
838 3871 871 3936 in
892 3870 983 3958 signa
1010 3892 1045 3935 re
1073 3866 1151 3932 divi·

70 3979 112 4026 na
136 3956 355 4025 contundenda
371 3959 563 4040 inchoarent,
585 3956 671 4029 haud
686 3959 773 4024 inviti
784 3969 999 4025 commentum
1010 3955 1150 4022 Pascha·

72 4047 196 4112 sianum
219 4044 415 4115 tradiderunt
458 4047 569 4138 Longe
596 4071 672 4114 vero
701 4047 761 4113 alia
789 4058 855 4115 crat
885 4044 1150 4114 scholastico-

72 4156 156 4201 rum
179 4133 338 4201 doctrinaa
359 4139 444 4203 ratio.
488 4136 538 4202 Ea
564 4139 648 4204 enim
676 4159 753 4204 cum
775 4137 920 4206 omuibus
947 4136 1052 4201 nervis
1074 4136 1151 4200 con'·

72 4224 235 4305 niteretur,
270 4231 305 4288 ut
331 4224 482 4291 ecclesiae
505 4224 654 4317 dogmata
681 4224 1047 4311 (transsubstantiationis
1075 4244 1153 4291 vero

73 4310 191 4404 dogma
204 4334 368 4406 paparum
389 4313 573 4384 auctoritate
593 4317 748 4386 sanatum
769 4339 856 4397 esse,
885 4311 972 4408 quod
998 4313 1060 4385 hoc
1082 4312 1153 4381 loco
