2714 4912
642 306 864 406 -18‘-

183 514 191 567 ’.
222 515 338 567 attactum
355 511 449 570 senon,
462 507 617 565 curtutcuos
630 519 677 565 pro
685 506 740 554 suta
753 505 856 553 mount·
868 515 929 551 vore
937 501 1086 551 cudrttants
1100 511 1177 558 poure
1192 502 1296 563 elene,

224 587 414 638 uccruorceque
435 587 586 629 mortuorum
607 579 691 626 lucae
713 577 860 624 mentionem
874 577 951 630 iubet
993 575 1063 630 Quot
1081 573 1226 620 Bouttactus
1250 586 1296 620 se-

224 661 282 705 ‹tuto
300 663 339 701 est
361 658 506 700 exsecutus.
541 651 579 698 ct.
602 652 658 706 etue
676 648 749 704 epist.
774 648 806 693 aa
823 647 983 693 Attuutuum:
1008 652 1035 691 ut
1057 657 1102 700 uro
1125 644 1297 692 uonutemtuur

225 731 326 778 trctruru
343 726 481 779 autmarus,
500 732 564 776 quae
581 722 708 767 nobiscum
725 719 876 774 adjuverant
898 716 923 767 tn
946 717 1063 771 nomino,
1086 716 1246 770 adjuvamina
1270 722 1298 762 et

223 800 357 848 murum
373 795 488 842 uotcuuta
504 795 631 840 celebrare
648 789 761 849 tactattr,
785 798 889 843 quorun
905 788 1006 834 uomina
1026 791 1129 843 gerulus
1146 787 1297 837 hurumltt-

224 872 500 993 m'llncllbttoautu.
522 936 538 979 1.
557 936 574 979 t
598 934 620 980 l.
641 930 699 977 194.
717 935 741 975 et
759 929 858 984 singula
875 924 1031 984 siugutoruur
1048 939 1168 985 paporum
1185 929 1299 987 mictu,

227 1021 292 1065 auo
309 1007 450 1055 mserum
467 1008 565 1060 tongum
583 1011 630 1060 ost,
648 1001 705 1048 victe
723 1003 788 1056 apuu
806 1001 879 1047 cunt.
898 1001 1000 1056 ttouptn.
1016 1003 1037 1048 1.
1055 1012 1079 1054 u.
1091 998 1140 1045 ¹9²
1159 1010 1199 1054 eq.
1218 999 1298 1047 ccu-

226 1077 546 1134 recrescentium.
564 1074 633 1122 vua
651 1085 678 1129 ιι.
695 1072 757 1125 801.
774 1074 817 1119 lx.
835 1083 859 1128 p.
878 1072 938 1118 2⁴⁵.
956 1076 987 1121 x.
1004 1083 1030 1127 u.
1049 1068 1109 1118 8⁰⁶.

462 1370 513 1432 111.
553 1368 777 1433 ornaturus
797 1366 893 1430 lNDE
912 1367 1055 1430 ENATA.

717 1518 747 1606 §-
773 1521 803 1588 5.

315 1646 356 1714 Ar
376 1645 460 1712 eninr
482 1654 513 1711 et
535 1641 689 1735 ejusmodi
704 1640 744 1709 de
762 1641 974 1708 Eucharistiae
992 1639 1142 1733 sacrilicio
1159 1638 1299 1709 doctrina

229 1747 261 1806 et
296 1733 338 1802 ¹dc
376 1735 485 1801 ritibus
520 1755 633 1822 praece
657 1732 695 1797 tis
730 1729 871 1820 plurimis
911 1733 1053 1818 ipsorum
1087 1728 1300 1811 sacerdotum,

174 1846 180 1860 ·
231 1826 285 1918 qui
304 1848 346 1890 ne
368 1823 540 1914 quidquam
561 1844 618 1911 reg
653 1843 743 1886 arum
765 1822 1051 1908 praetermitterent,
1073 1841 1184 1886 cavere
1198 1841 1299 1908 coge-

230 1923 352 1993 rentur,
372 1914 485 1977 mentis
507 1911 606 1976 aciem
635 1909 774 1976 hebetari
803 1919 834 1974 et
860 1906 969 2012 populi
995 1908 1155 1988 adstantis,
1176 1945 1221 1956 -
1243 1909 1300 1974 cui

232 2023 345 2069 eorum
366 1998 444 2066 ratio
466 2001 592 2065 omnino
616 1999 749 2076 obscura
770 2008 845 2079 erat,
867 2020 1007 2064 anrrnum
1029 1995 1299 2085 superstitionibus

231 2087 355 2178 irnpleri
374 2087 518 2154 debuisse
540 2088 766 2168 commentitiis,
789 2088 858 2176 quis
880 2097 936 2168 est,
958 2088 1033 2176 quin
1050 2082 1213 2177 intelligat!
1234 2086 1297 2153 Sa-

234 2177 376 2248 cerdotes
398 2177 482 2244 enim
512 2200 575 2267 quo
604 2180 723 2267 majore
751 2178 868 2266 ingenii
894 2175 1034 2242 tarditate
1061 2185 1092 2241 et
1113 2172 1254 2262 socordia
1276 2198 1298 2242 a

234 2267 329 2336 rebus
351 2266 460 2333 divinis
482 2267 665 2355 cogitatione
684 2264 984 2353 comprehendendis
1010 2263 1235 2344 avertebantur,
1256 2286 1299 2331 co

233 2355 353 2424 lucilius
375 2353 460 2420 haud
479 2352 672 2420 tolerandam
696 2352 753 2419 sibi
777 2352 941 2419 sumebant
961 2354 1177 2445 arrogantiam.
1210 2351 1299 2420 Nam

234 2450 310 2512 'curn
331 2442 515 2510 sacrificium
531 2441 646 2509 Christi
661 2464 680 2509 a
698 2465 733 2508 se
747 2443 890 2509 renovari
907 2466 1000 2533 posse
1018 2445 1226 2533 opinarentur,
1236 2463 1298 2530 po·

233 2531 363 2622 pulique
376 2541 576 2621 peccatorum
598 2532 715 2597 conscii
728 2529 813 2619 apud
825 2529 934 2597 Deum
956 2531 1012 2599 sibi
1033 2555 1103 2598 esse
1117 2531 1300 2598 viderentur

234 2623 426 2711 interpretes
446 2622 587 2709 ipsorum
608 2621 778 2692 vitiositatis
807 2619 906 2703 obliti,
934 2631 965 2688 et
990 2623 1071 2687 inter
1098 2618 1229 2687 clericos
1259 2642 1300 2687 ac

234 2708 333 2777 laicos
353 2709 527 2776 maximum
549 2709 713 2776 discrimen
735 2710 924 2776 servandum
945 2709 1111 2776 ethorum
1132 2717 1187 2775 aut
1206 2709 1299 2791 vjvo-

235 2821 309 2866 rum
331 2807 385 2863 aut
405 2807 601 2864 mortuorum
622 2795 756 2864 salutem
777 2800 842 2866 suis
862 2799 1006 2886 precibus
1034 2822 1052 2864 a
1082 2797 1209 2865 domino
1230 2788 1299 2865 'a'u-

237 2888 304 2977 geri
325 2896 379 2952 aut
399 2886 542 2952 imminui
562 2885 724 2953 ducebant
767 2887 840 2972 Quo
860 2890 977 2955 [actum
999 2897 1055 2969 est,
1076 2898 1112 2954 ut
1130 2883 1212 2968 laici,
1231 2909 1300 2955 non

236 2975 342 3040 minus
363 2997 492 3041 suorum
535 2986 712 3042 eccatorum
734 2979 823 3067 quasi
843 2999 938 3044 onere
959 2979 1109 3067 oppressi,
1130 2999 1225 3067 quam
1242 2998 1299 3042 sa-

236 3062 412 3131 cerdotibus
437 2998 663 3130 Eucllanstiam
694 3074 855 3156 tamquam
887 3065 1085 3133 tremendum
1112 3065 1299 3155 mysterium

238 3149 488 3217 distribuentibus
504 3153 710 3218 reverentiam
725 3163 926 3243 praestantes,
948 3154 985 3221 ab
1006 3178 1043 3220 ea
1058 3156 1085 3220 lr
1170 3177 1189 3220 a
1204 3151 1298 3244 paul-

238 3236 326 3307 latim
345 3239 536 3321 recederent,
558 3251 590 3307 et
610 3243 664 3330 qui
679 3241 796 3308 domini
811 3265 865 3309 cor
888 3266 925 3309 us
946 3246 1012 3310 acci
1035 3266 1109 3310 eren
1152 3265 1228 3308 mox
1243 3267 1297 3309 es·

236 3337 309 3395 cent
328 3329 486 3419 perpauci.
528 3328 740 3420 (Quapropter
759 3353 844 3414 nonn
891 3355 909 3397 a
931 3267 1061 3402 conella
1081 3326 1169 3399 velut
1190 3332 1298 3399 Turo-

237 3438 336 3484 nense
357 3417 481 3483 tertium
508 3419 542 3485 rt
572 3423 647 3500 813,
674 3429 710 3485 ut
735 3430 820 3486 certe
846 3430 894 3488 ter
919 3424 1084 3514 quotannis
1111 3422 1152 3487 ad
1180 3419 1299 3487 domini

238 3524 381 3571 mensam
408 3504 574 3573 Christiani
593 3509 746 3590 venirent,
776 3507 1016 3597 decreverunt·)
1060 3508 1167 3576 Nihilo
1189 3518 1298 3577 tamen
1327 3528 1329 3533 ’

121 3594 130 3612 “
239 3592 345 3659 minus
366 3590 471 3662 clerici
491 3604 523 3662 et
542 3594 692 3688 religiosi,
719 3595 759 3663 de
786 3622 824 3665 ea
850 3622 891 3688 po
914 3597 958 3666 uli
977 3597 1164 3691 negligentia
1183 3599 1299 3679 securi,

237 3702 329 3748 sacra
349 3680 457 3764 officia,
478 3708 569 3774 quae,
590 3696 626 3752 ut
646 3686 812 3768 obirentur,
831 3623 954 3779 legibus
967 3691 1119 3756 sancitum
1136 3697 1214 3768 erat,
1232 3710 1298 3755 non

236 3768 520 3860 intermittebantt)
548 3773 604 3840 sed
623 3797 748 3866 preces,
769 3773 931 3859 lectiones,
958 3788 1077 3844 ceteros
1097 3777 1175 3841 ritus
1196 3773 1297 3865 pluri-

236 3877 319 3942 mos,
331 3860 469 3950 'excepta
490 3864 721 3931 consecratione
742 3872 774 3931 ct
794 3867 1073 3933 communicatione
1089 3861 1297 3931 celebrabant

239 3944 334 4031 Quae
355 3959 403 4016 est
423 3951 510 4042 origo
532 3950 768 4039 privitarum
789 3957 963 4021 missarum
1002 3954 1189 4021 Sacerdotes
1208 3952 1296 4018 enim

237 4037 352 4104 missae
373 4036 472 4105 ollicia
497 4037 708 4122 conficientes,
741 4066 814 4108 curn
841 4039 948 4107 nullus
974 4040 1054 4108 alius
1086 4043 1218 4120 adesset,
1248 4077 1295 4090 -

236 4143 280 4189 ue
299 4124 408 4218 populi
426 4125 639 4210 oblationibus,
659 4132 687 4194 si
705 4126 851 4215 siccam⁰)'
862 4133 990 4197 'tanturn
1012 4134 1139 4199 missam
1159 4128 1294 4196 admini-

151 4247 155 4257 ·
234 4219 375 4296 strarent,
395 4215 597 4304 privarentur,
617 4214 692 4284 soli
712 4219 944 4287 communicare
964 4228 1141 4311 coeperrmt
1182 4217 1295 4309 ltaque

234 4309 273 4369 ut
290 4300 445 4392 populum
464 4302 505 4375 ad
526 4302 706 4390 oblationes,
727 4308 905 4402 quaeipsis
926 4312 1070 4402 quaestui
1082 4317 1196 4392 essent,
1208 4305 1293 4378 nihil
