2714 4912
486 310 706 375 ..7-

57 476 104 540 sic
132 494 175 540 ex
198 494 236 538 ea
263 489 458 562 paganorum
486 467 712 537 consuetudine
739 465 909 536 Christiani
935 469 977 537 ad
1001 472 1144 541 funebria
1260 520 1264 525 -

58 560 240 654 spectacula
262 569 292 627 et
312 569 511 626 mortuorum
528 558 719 639 memoriam
729 556 948 626 celebrandam
963 560 1051 628 cibos
1066 563 1141 630 alia·

60 675 124 742 que
144 672 277 717 munera
299 648 478 716 offerebant
500 645 705 712 Potissimum
720 670 794 714 vero
809 647 919 715 diebus
932 656 1143 741 martyrum)

58 741 238 808 nominibus
259 739 447 806 consecratis
471 744 502 801 et
523 757 581 803 eae
603 733 774 802 oblationes
794 735 859 804 lieri
881 749 912 805 et
931 740 1000 830 ipsa
1013 727 1143 806 Eucha-
1206 735 1210 741 ’
1270 744 1274 751 “

58 831 145 896 ristia
176 830 209 896 in
237 827 388 919 seprdcris
417 823 558 890 fidelibus
585 824 677 891 tn'bui
705 836 738 892 et
764 828 896 893 mortius
918 826 986 913 ,hoc
1013 828 1142 898 consilio

59 918 178 1009 apponi
196 916 355 996 solebant,
377 922 421 994 ut,
441 914 497 1002 qui
510 915 708 981 'sacramenti
735 914 799 980 vivi
825 938 890 982 non
915 940 987 984 esso
1013 928 1144 1011 possent

59 1009 236 1099 participes,
267 1027 379 1073 eorum
405 1002 591 1068 memoriam
617 1013 806 1070 renovarent
831 1007 1055 1094 gratissimam,
1080 1009 1142 1099 ipsi

59 1106 167 1164 autem
189 1095 294 1162 denuo
317 1117 352 1161 se
374 1091 562 1159 devoverent
580 1091 792 1178 redemtoril)
814 1103 845 1162 et
860 1094 945 1160 viam
965 1096 997 1161 in
1016 1096 1142 1167 coelum

58 1184 266 1252 muniendam
291 1181 349 1268 sibi
376 1180 497 1272 aperire
526 1181 692 1249 studerent
743 1180 817 1265 Quo
844 1182 946 1250 studio
974 1184 1015 1249 fla
1054 1196 1142 1252 antes

59 1276 93 1340 in
116 1286 350 1340 eum‘errorem
370 1269 489 1336 inducti
510 1281 592 1353 sunt,
618 1280 654 1337 ut
668 1269 719 1336 alii
744 1271 778 1337 in
801 1294 938 1338 eorum
957 1208 1089 1339 tutelarum
1110 1284 1143 1342 et

60 1360 157 1428 iidem
177 1383 213 1427 se
233 1362 372 1427 conferre
393 1359 571 1449 cupientes,
597 1383 679 1450 quos
708 1362 741 1428 in
770 1371 950 1427 sanctorum
971 1383 1143 1430 numerum

62 1450 231 1540 adscriptos
262 1471 331 1515 esse
366 1448 425 1514 sibi
458 1460 694 1538 persuaserant,
719 1460 874 1540 martyres
905 1452 998 1516 nimis
1024 1472 1143 1542 magna

59 1541 174 1630 pietate
195 1536 341 1619 colerent,
364 1536 414 1602 alii
436 1560 512 1604 vero
534 1536 604 1603 illos
626 1537 698 1607 Deo
720 1540 787 1602 suis
809 1540 953 1630 precibus
976 1563 1140 1608 commen-

59 1628 178 1710 darent,
200 1649 282 1718 quos
301 1628 409 1692 minus
431 1636 539 1693 sancte
559 1628 592 1692 in
614 1638 696 1694 terra
717 1628 832 1696 vixisse
858 1651 923 1695 non
950 1629 1142 1718 ignorabant.

58 1718 187 1785 Sensim
209 1717 293 1782 enim
320 1737 341 1781 a
367 1738 443 1782 vera
469 1716 521 1783 via
542 1715 744 1799 deflexerunt,
774 1726 806 1783 et
830 1719 1057 1808 superstitionis
1084 1740 1141 1784 ex-

57 1805 149 1873 itialis
170 1828 293 1874 venerio
315 1805 447 1886 imbuti,
482 1828 565 1894 quae
597 1805 640 1872 ad
672 1805 919 1874 recordationem
947 1806 1143 1874 excitandam

57 1897 198 1962 instituta
221 1903 323 1981 erant,
358 1916 400 1960 ea
425 1891 465 1958 ad
490 1896 575 1984 ipsas
602 1905 801 1962 mortuorum
829 1897 950 1963 animas
977 1894 1143 1962 salvandas

58 1974 235 2053 retulerunt
256 1993 287 2048 et
305 1981 506 2063 orationibus,
528 1980 745 2072 eleemosynis,
767 1983 984 2068 oblationibus,
1005 2008 1089 2077 quae
1109 1987 1142 2052 in

58 2083 144 2142 terra
164 2071 282 2151 fierent,
304 2069 463 2161 suppliciis
484 2071 699 2153 acerbissimis,
721 2096 803 2161 quae
824 2084 896 2163 post
909 2085 1044 2142 mortem
1065 2072 1142 2142 sub·

60 2160 166 2230 cunda
193 2168 312 2241 essent,
347 2159 511 2226 celenime
537 2182 592 2226 eas
622 2160 746 2228 liberari
771 2171 969 2251 putaverunt
1018 2163 1143 2231 Etenim

59 2253 144 2318 sicut
164 2249 204 2316 ab
223 2251 309 2316 initio
332 2247 644 2331 administrationem,
669 2253 952 2333 consecrationem,
980 2249 1143 2340 dispensa·

59 2343 181 2408 tionem
202 2348 305 2428 patres
326 2349 517 2405 vocaverant
537 2338 738 2407 sacrificium:
762 2341 808 2406 sio
828 2362 887 2407 cur
901 2341 961 2431 ipsi
973 2339 1142 2408 illiuscoe·

61 2453 124 2498 nae
147 2430 293 2515 actioni0)
314 2427 398 2494 idern
419 2450 536 2495 nomen
549 2429 732 2520 impositum
752 2430 801 2510 sit,
822 2429 863 2495 ab
878 2452 988 2499 eorum
1002 2431 1143 2497 virorum

61 2517 166 2587 studio
186 2538 287 2583 causa
306 2514 474 2606 repetenda
495 2528 556 2599 est,
584 2521 639 2607 qui
667 2541 707 2584 ex
734 2515 861 2586 saeculo
890 2530 1001 2606 quarto
1030 2517 1070 2587 de
1090 2542 1142 2587 ra-

61 2610 160 2687 tione,
182 2628 267 2697 quae
286 2604 491 2672 intercederet
516 2608 596 2673 inter
616 2609 726 2673 vinum
748 2617 779 2673 et
800 2603 1001 2697 sanguinem,
1028 2630 1143 2698 panem

62 2706 98 2766 et
118 2716 235 2788 eorpus
261 2695 341 2761 Jesu
370 2694 499 2776 Christi,
527 2694 626 2761 multo
655 2694 812 2776 subtilius,
842 2719 939 2785 quam
961 2706 1052 2762 antea
1079 2694 1145 2763 fieri

37 2784 196 2867 *solebat
218 2783 461 2874 disputaverunt
488 2782 574 2851 Nam
591 2807 676 2867 cum,
693 2807 775 2874 quae
788 2782 865 2851 fides
887 2793 1082 2874 conceperat,
1106 2805 1145 2853 ca

63 2867 203 2965 cognitio
226 2874 317 2961 quasi
338 2896 503 2963 procreare
525 2883 704 2954 conaretur,
732 2896 770 2941 ea
797 2883 898 2940 aetate
919 2873 1046 2964 plurimi
1067 2872 1143 2939 doc·

62 2966 165 3035 trinae
188 2960 382 3030 Christianae
404 2963 585 3029 exstiterunt
606 2963 759 3053 magistri,
783 2964 836 3052 qui
858 2964 1045 3030 sacramenti
1066 2961 1143 3029 alta·

63 3054 111 3122 ris
146 3049 352 3142 symbolicam
385 3053 545 3118 notionem
573 3074 675 3142 aeque
702 3072 741 3118 ac
772 3051 1146 3131 transsubstantiationem

64 3165 104 3211 as
127 3151 317 3222 ernarentur,
344 3163 453 3208 veram
488 3151 595 3208 autem
623 3138 807 3208 a'Luthero
836 3151 946 3233 postea
972 3143 1146 3209 restitutam

64 3167 278 3300 substantialis
300 3231 492 3318 praesentiae
513 3227 685 3296 doctrinam
706 3228 868 3296 traderent
911 3227 978 3296 Sed
992 3227 1144 3318 quemad-

64 3319 201 3389 modum
222 3319 403 3409 saepissime
424 3342 500 3385 vera
520 3317 604 3385 falsis
632 3317 879 3385 confunduntur:
911 3319 956 3384 sic
980 3320 1013 3384 in
1041 3316 1146 3382 dimna

66 3406 266 3478 Eucharistia
288 3430 416 3497 quoque
437 3430 553 3498 corpus
575 3417 606 3477 et
619 3408 805 3498 sanguinem
821 3404 942 3488 Christi,
958 3428 1040 3495 quae
1054 3425 1145 3496 prae-

67 3500 170 3567 sentia
189 3505 272 3577 sunt,
295 3492 452 3563 offerenda
475 3520 578 3584 eoque
605 3496 665 3564 ritu
694 3494 811 3562 Christi
835 3505 1001 3561 cruentum
1030 3490 1146 3561 sacrifi-

67 3590 156 3656 cium
177 3583 395 3654 rcnovandum
418 3607 488 3652 esse
507 3583 586 3650 falso
597 3583 812 3673 opinabantur.
854 3583 978 3650 Etenim
994 3605 1146 3672 quaeso·

68 3674 185 3744 cabula
228 3676 292 3741 n'us
314 3680 466 3754 τροπικῶς
493 3672 574 3740 dicta
602 3696 673 3740 esse
700 3683 823 3739 certum
852 3683 907 3754 est,
934 3671 1033 3739 velut:
1056 3673 1146 3739 victi-

70 3788 162 3835 mam
175 3699 353 3845 salutarem,
365 3760 499 3830 hostiam
514 3786 637 3854 puram,
653 3763 788 3853 pretium
802 3761 999 3830 redemtionis
1014 3771 1147 3840 nostrae,

73 3875 221 3947 quaeque
248 3852 333 3944 apud
357 3854 464 3942 ipsum
492 3852 703 3942 Augustinum
729 3850 885 3919 nonnullis
909 3852 986 3920 locis
1008 3848 1149 3941 ejusdem

71 3941 212 4012 notionis
232 3964 302 4008 esse
323 3939 515 4031 profitemur,
536 3964 574 4007 ea
596 3940 758 4030 paullatim
774 3941 942 4008 Christiani
963 3965 1001 4007 ca
1022 3947 1148 4004 senten-

60 4032 295 4118 ‚tiahrsurpare
316 4042 502 4121 coeperunt,
531 4039 567 4097 ut
588 4054 670 4121 pane
699 4039 730 4095 ct
756 4032 830 4097 vino
853 4026 1073 4098 consecrandis
1095 4048 1145 4092 sa-

76 4119 230 4189 crificium
259 4120 378 4187 atesu
404 4120 530 4187 Christo
560 4130 724 4211 peractum
750 4121 897 4188 renovari
923 4119 1149 4185 arbitrarentur.

76 4210 126 4280 Ab
147 4210 232 4278 irato
255 4209 341 4275 enim
362 4208 577 4277 Eucharistiae
600 4209 771 4277 distributio
792 4207 871 4278 nihd
890 4206 976 4275 aliud
996 4214 1071 4285 erat,
1091 4204 1151 4272 nisi

75 4301 186 4393 imago
209 4297 367 4390 quaedam
394 4299 470 4364 satis
495 4298 600 4367 vivida
626 4298 791 4368 salvatoris
818 4300 928 4366 mortis
955 4297 1153 4386 expiatorias,
