2714 4912
388 1303 823 1382 PROOEMIUM.

154 1529 325 1624 Religionis
354 1512 549 1597 Christianae
576 1537 687 1595 natura
723 1530 927 1622 omniumque
955 1531 1150 1624 dogmatum,
1198 1568 1200 1578 ·

62 1641 150 1776 ¹quae
172 1645 211 1688 ea
233 1621 439 1700 eontinentur,
460 1618 539 1683 ratio
561 1617 594 1683 in
616 1640 681 1684 uno
704 1616 863 1709 dogmate,
885 1621 970 1710 quod
992 1633 1041 1688 est
1063 1623 1103 1690 de
1114 1626 1147 1692 S.
1222 1634 1224 1639 “

93 1708 269 1790 ucharistia,
292 1709 383 1800 quasi
405 1705 507 1773 abdita
529 1705 613 1773 latet.
657 1705 854 1775 Eucharistia
877 1711 960 1776 enim
987 1720 1018 1776 et
1039 1710 1146 1778 Theo-

61 1795 181 1888 logiam
204 1810 236 1866 et
256 1793 536 1886 Anthropologiam
558 1805 590 1862 et
611 1796 862 1888 Sotereologiam
883 1809 987 1867 tantae
1007 1804 1147 1868 necessi·

64 1887 180 1954 tudinis
194 1887 295 1978 gradu
312 1887 469 1973 contingit,
486 1894 530 1965 ut,
548 1907 644 1973 quam
662 1887 733 1975 quis
748 1888 834 1954 viam
851 1889 938 1954 iniis
954 1887 1149 1980 explicandis

63 1977 158 2057 ineat,
179 1998 222 2043 ex
245 1996 284 2040 ea
306 1997 403 2064 quam
425 1973 465 2038 de
485 1970 539 2039 illo
562 1974 767 2043 Sacramento
789 1975 873 2059 tulit,
902 1978 978 2043 satis
1000 1982 1148 2070 cognosci

62 2066 162 2155 possit
183 2065 344 2130 sententia.
375 2059 519 2129 ¹Etenim
541 2083 620 2127 num
641 2061 797 2153 religionis
825 2063 989 2134 absolutae
1016 2068 1049 2135 S.
1074 2067 1146 2134 Tri-

64 2155 165 2246 nltatis
187 2153 361 2219 doctrinam
383 2152 402 2216 i.
425 2175 452 2217 e.
481 2148 545 2218 Dei
572 2151 666 2217 triuni
692 2153 725 2219 in
753 2150 872 2219 mundo
899 2176 1009 2220 veram
1038 2156 1150 2243 probet
1176 2160 1180 2165 ’

65 2243 284 2334 praesentiam,
307 2264 348 2308 an
370 2240 488 2306 summi
509 2241 647 2307 numinis
673 2240 713 2307 ab
741 2238 922 2308 hominibus
947 2245 1147 2311 remotissimi

12 2402 16 2407 ,
63 2331 241 2411 notionem,
276 2353 317 2397 ex
339 2352 377 2395 ea
405 2331 538 2410 ratione,
568 2351 631 2419 qua
659 2331 728 2420 quis
755 2329 865 2397 Deum
892 2332 925 2400 in
950 2331 1146 2400 Eucharistia

63 2419 195 2487 fruenda
216 2417 378 2487 efficacem
401 2442 481 2499 esse,
502 2419 560 2485 sibi
589 2421 758 2509 persuasit,
784 2419 932 2489 lacillime
957 2421 1146 2513 intelligitur.

66 2509 184 2600 Neque
204 2510 318 2589 minus,
341 2531 438 2596 quam
461 2530 535 2573 eum
550 2509 629 2573 Jesu
641 2506 765 2576 Christo
782 2511 964 2576 societatem
987 2512 1148 2600 quandam
1202 2594 1204 2599 ,

63 2599 266 2679 contraxerit,
297 2594 436 2688 quidque
456 2596 497 2662 de
520 2598 587 2685 ejus
609 2620 745 2685 persona
773 2621 811 2664 co
834 2600 960 2666 'tatione
987 2599 1148 2682 elsmxerit,

63 2688 90 2753 si
111 2686 153 2755 de
174 2709 275 2755 coena
296 2699 387 2752 sacra
409 2685 595 2751 sententiam
613 2707 678 2750 non
693 2685 802 2751 dissim
838 2688 909 2767 avit,
932 2708 1085 2776 apparere
1098 2691 1146 2754 vi·

63 2775 182 2843 deatur.
224 2774 503 2859 Quemadmodum
525 2775 609 2840 enim
631 2783 664 2839 et
680 2775 712 2841 S.
727 2776 760 2842 S.
777 2785 809 2841 et
830 2773 983 2842 ecclesiae
1004 2786 1036 2842 et
1056 2775 1146 2846 theo·

63 2863 166 2956 logiae
188 2862 385 2954 dogmaticae
402 2860 612 3018 speculativae
625 2862 666 2930 de
685 2856 886 2947 ἓεανβρῶπῳ
903 2863 1076 2933 doctrinam
1092 2878 1148 2934 aut

63 2953 183 3044 respuit
209 2962 264 3019 aut
292 2974 423 3041 compro
447 2961 493 3019 at:
527 2953 572 3018 sic
601 2961 656 3017 aut
682 2953 898 3020 memoriae
926 2955 1004 3020 Jesu
1031 2954 1148 3022 Christi

63 3044 170 3111 mortis
200 3044 406 3110 sacramento
436 3038 543 3107 altaris
569 3039 770 3108 renovandae
803 3052 858 3108 aut
890 3043 1147 3111 substantiali

64 3133 316 3222 praesentiae
337 3128 509 3219 plurimum
531 3131 643 3197 tribuit
690 3130 782 3214 Quae
809 3133 903 3221 igitur
929 3130 1062 3222 singulis
1088 3156 1144 3200 ae-

64 3220 178 3287 tatibus
199 3219 359 3312 religionis
382 3218 577 3286 Christianae
598 3220 691 3286 fuerit
710 3219 856 3301 conditio,
880 3243 1027 3310 quaeque
1051 3224 1147 3288 totius

64 3307 257 3399 Theologiae
279 3319 400 3389 natura,
422 3332 463 3374 ex
484 3308 662 3376 diversitate
680 3332 791 3375 earum
807 3311 1040 3390 sententiarum,
1063 3333 1147 3399 quae

63 3395 145 3466 latae
167 3408 242 3464 sunt
262 3398 303 3464 de
330 3398 364 3464 S.
389 3396 599 3479 Eucharistia,
626 3422 666 3464 eo
693 3395 881 3463 luculentius
908 3399 1059 3488 cognosci
1086 3423 1144 3489 po·

63 3497 131 3570 test,
155 3510 220 3576 quo
243 3488 396 3577 majorem
419 3485 448 3551 ei
468 3487 665 3575 potissimum
687 3486 826 3575 dogmati
852 3485 1038 3574 exponendo
1066 3511 1143 3579 ope-

62 3598 131 3643 ram
153 3576 315 3657 dederunt,
338 3576 393 3664 qui
414 3597 614 3640 summomm
634 3573 855 3664 theologorum
876 3573 970 3651 laude
989 3573 1144 3657 florerent

62 3663 172 3755 ltaque
199 3664 239 3732 de
267 3667 300 3733 S.
322 3661 518 3732 Eucharistia
546 3663 621 3754 quid
649 3661 753 3739 media
779 3673 881 3729 aetate
908 3666 1061 3730 senserint
1088 3691 1143 3732 ec-

62 3752 179 3823 clesiae
201 3753 361 3836 doctores,
384 3752 536 3819 disserere
558 3775 659 3842 quum
680 3753 712 3819 in
735 3754 839 3818 animo
867 3751 1017 3835 habeam,
1044 3754 1084 3822 de
1104 3754 1143 3820 il·

61 3842 123 3911 lius
146 3845 333 3911 sacramenti
353 3845 472 3910 ratione
502 3841 699 3930 opinionibus
725 3840 909 3924 referendis,
936 3844 1145 3910 universae

60 3931 174 4001 illius
197 3934 386 4022 temporis
407 3929 634 4021 theologiae
657 3931 748 4020 quasi
768 3932 939 4022 imaginem
961 3931 1065 3999 verbis
1086 3931 1142 3998 de-

61 4023 192 4114 pingere
214 4019 292 4087 mihi
311 4021 427 4090 videor.
472 4020 580 4104 Quam
603 4021 660 4086 etsi
682 4018 824 4109 plurimis
845 4021 1010 4087 decausis
1031 4017 1167 4088 falsam·

63 4112 160 4178 fuisse
188 4110 297 4200 negari
323 4110 391 4177 non'
413 4119 535 4200 potest,
568 4120 675 4177 tamen
702 4109 742 4176 de
771 4132 808 4176 ea
838 4109 991 4200 judicium
1021 4111 1162 4198 justum,

61 4198 129 4266 lieri
149 4197 354 4294 nequit,7nisi
375 4222 446 4264 earn
462 4197 577 4303 legem,
600 4221 672 4289 qua,
695 4198 856 4289 quomodo
873 4197 1021 4284 dogmata
1037 4199 1140 4288 expli-

61 4298 216 4369 carentur,
237 4288 393 4354 sancitum
414 4297 470 4369 est,
491 4288 652 4380 diligenter
672 4298 863 4378 reputamus.
910 4285 1063 4355 Est-vero
1086 4311 1139 4354 re-

115 4379 232 4432 neuter,
247 4377 275 4420 de
287 4375 405 4420 eucharist.
910 4377 927 4443 1
