2714 4912
561 331 778 392 ..2..

134 488 206 579 ligio
230 485 406 554 Christiana
428 507 466 552 ea
487 483 558 576 lege
581 495 737 577 generata,
759 495 794 551 ut
815 482 885 552 fidei
902 488 1123 567 sanctissimae,
1148 509 1213 575 qua

134 577 311 644 Dominum
333 572 593 664 amplecterentur
614 573 770 656 mortales,
793 575 932 642 internae
952 585 1083 642 naturae
1098 575 1136 641 ab
1151 576 1212 641 ini-

135 669 177 735 tio
202 666 335 733 obscura
356 662 553 754 intelligentia
572 661 654 730 illius
676 664 752 753 ipsis
774 662 906 745 viribus,
936 665 962 729 si
984 665 1213 731 constitueren-

136 767 187 823 tur
209 765 240 836 et
284 751 490 834 erficerentur,
514 753 659 820 sensim
682 750 876 821 enodaretur.
920 752 1083 819 Enodatur
1105 764 1214 820 autem

136 847 168 912 in
192 778 378 922 ecclesia,
402 862 493 930 quae,
516 864 616 931 quum
638 842 672 908 S.
695 842 728 908 S.
751 839 853 922 iidem,
876 864 958 928 quae
979 843 1069 931 quasi
1085 865 1213 908 summa

137 944 185 1002 est
207 930 400 1013 concordia,
422 939 456 996 ut
469 939 612 1019 tempore
626 928 814 1018 procedente
829 931 969 1020 explicet,
992 931 1137 997 divinitus
1151 933 1213 996 im-

160 1021 278 1103 ellatur,
300 1044 342 1087 ne
362 1017 553 1110 periculosas
576 1018 703 1108 quidem
726 1016 910 1086 discordias
938 1022 1075 1110 effugere
1102 1030 1215 1110 potest.
1247 1048 1248 1053 ¹

137 1047 298 1202 llogmata
321 1106 403 1175 enim
426 1105 566 1174 absolute
588 1131 663 1174 vera
685 1109 835 1196 quoniam
858 1108 983 1175 anullis
995 1107 1122 1200 intelligi
1137 1133 1214 1199 pos-

137 1211 219 1282 sunt,
240 1199 300 1266 nisi
322 1197 360 1263 ab
383 1198 429 1277 iis,
453 1197 506 1286 qui
529 1220 640 1263 eorum
663 1197 720 1262 sibi
741 1198 858 1263 conscii
879 1208 960 1279 sunt,
983 1221 1046 1279 eos,
1070 1200 1123 1288 qui
1142 1197 1214 1265 illo-

136 1314 209 1358 rum
224 1297 329 1354 mente
343 1284 618 1375 concipiendorum
634 1308 759 1352 summo
776 1285 877 1352 studio
892 1287 1135 1369 inflammantur,
1150 1311 1215 1354 non

137 1379 251 1459 subito,
272 1398 377 1466 neque
396 1375 448 1456 ita,
469 1381 505 1440 ut
526 1396 590 1440 non
612 1377 781 1441 certamina
803 1375 955 1456 oriantur,
983 1398 1001 1440 a
1030 1375 1114 1442 lalsis
1139 1377 1214 1443 aba·

138 1469 254 1536 lienare
276 1473 418 1555 possunt.
458 1462 674 1530 Certaminum
695 1465 790 1553 igitur
811 1474 842 1530 et
862 1466 1101 1547 inimicitiarum,
1124 1488 1216 1555 quae,

140 1558 217 1625 dum
238 1556 352 1622 veritas
373 1551 552 1620 hominibus
573 1552 733 1642 probanda
756 1563 813 1634 est,
832 1551 918 1621 haud
932 1576 1002 1620 raro
1015 1564 1217 1636 enascuntur,

140 1667 237 1714 causa
258 1667 324 1712 non
345 1651 393 1710 est
415 1641 517 1708 divina
539 1643 668 1723 veritas,
695 1640 750 1709 sed
772 1641 912 1722 humana
933 1641 1135 1709 imbecillitas.
1180 1641 1218 1711 ln

138 1735 266 1803 historia
287 1755 363 1799 vero
387 1729 606 1812 ecclesiastica,
627 1733 717 1820 cujus
741 1740 796 1812 est,
818 1741 853 1797 ut
874 1730 945 1798 [idei
960 1730 1152 1800 Christianae
1165 1733 1216 1799 in-

139 1825 265 1916 tegritas
288 1823 413 1901 sciatur,
435 1817 563 1901 efficere,
585 1818 661 1887 nihil
682 1818 766 1886 aliud
787 1831 964 1910 permanet,
992 1822 1050 1887 nisi
1071 1824 1163 1910 cujus
1184 1823 1221 1890 in

140 1915 174 1982 S.
197 1915 230 1980 S.
255 1916 339 2001 jacta
367 1918 439 1975 sunt
467 1910 594 1974 semina
644 1909 763 1976 Contra
797 1932 1006 2000 quaecunque
1033 1912 1220 2000 opinionum

140 2011 320 2071 commenta
341 2021 398 2090 per
420 1996 547 2087 aliquod
568 2007 693 2088 tempus
721 1997 760 2064 ab
782 1996 960 2066 hominibus
990 2001 1107 2067 sancita
1135 2010 1220 2080 sunt,

141 2115 179 2160 ea
207 2090 323 2180 Spiritu
350 2097 457 2156 sancto
486 2085 571 2153 haud
591 2090 633 2153 ita
661 2086 760 2153 multo
792 2097 863 2177 post
894 2087 1033 2155 funditus
1067 2087 1219 2168 delentur,

141 2182 289 2257 scientiae
322 2200 397 2244 vero
428 2174 622 2245 Christianae
647 2176 762 2265 judicia
789 2175 1019 2244 confirmantur.
1067 2177 1218 2266 Namque

141 2266 411 2361 quemadmodum
432 2264 609 2353 respublica
635 2264 728 2331 nullis
754 2263 876 2355 legibus
904 2277 988 2333 recte
1017 2276 1219 2371 temperatpr,

141 2360 201 2427 nisi
225 2360 281 2438 iis,
310 2376 445 2445 quarum
473 2376 619 2421 normam
643 2355 710 2443 jam
732 2364 900 2444 antequam
919 2357 1084 2446 impositae
1105 2364 1221 2437 essent,

141 2449 226 2513 cives
249 2464 380 2512 earum
403 2442 479 2510 sibi
501 2465 576 2509 non
598 2444 747 2510 conscii
776 2445 874 2510 secuti
902 2455 988 2512 sunt:
1018 2446 1064 2510 sic
1086 2442 1221 2513 ccclesia

112 2548 115 2554 '
143 2536 318 2604 Christiana
345 2530 489 2600 felicitate
515 2532 574 2597 [rui
595 2554 659 2599 non
687 2542 803 2621 potest,
830 2534 890 2599 nisi
920 2535 1066 2601 institutis
1091 2535 1221 2624 regitur,

141 2626 260 2716 Spiritu
274 2624 393 2692 Sancto
415 2622 538 2688 exortis.
562 2620 664 2688 Haec
683 2645 758 2688 vero
773 2623 911 2690 instituta
931 2621 1112 2714 dogmata
1135 2632 1221 2705 sunt,

142 2736 279 2804 quorum
307 2733 468 2779 summam
496 2711 710 2778 auctoritatem
738 2711 904 2802 infringere
934 2714 1043 2803 nequit
1075 2734 1220 2779 errorum

140 2803 369 2870 baereticorum
391 2799 558 2888 turpitudo.
602 2799 733 2866 Errores
755 2802 858 2889 potius
879 2799 911 2867 id
933 2800 1077 2882 efficiunt,
1104 2811 1141 2869 ut
1160 2825 1220 2868 ve·

102 2920 104 2926 ⁴
140 2892 236 2958 ritatis
262 2887 442 2958 mortalium
474 2886 629 2953 mentibus
665 2889 886 2978 concipiendae
920 2893 1022 2981 magis
1053 2892 1221 2981 magisque

140 2978 326 3071 explanetur
345 2978 440 3057 notio,
461 2999 565 3064 neque
587 2974 693 3044 valere
714 2989 856 3067 possunt,
879 2981 906 3044 si
923 2981 1022 3068 ipsius
1040 2981 1106 3047 veri
1127 3002 1219 3068 pror-

141 3091 196 3135 sus
219 3077 292 3134 sunt
314 3070 534 3155 expertast)
573 3064 692 3132 Contra
715 3090 761 3147 ea,
784 3091 867 3156 quae
885 3066 945 3133 illis
959 3091 1035 3135 vera
1056 3070 1219 3137 continen-

140 3169 200 3238 tur,
222 3159 248 3223 si
268 3154 308 3221 ad
322 3155 494 3222 doctrinam
508 3152 749 3221 ecclesiasticam
765 3155 994 3224 emendandam
1016 3159 1123 3249 magni
1148 3160 1219 3224 lue-

140 3257 214 3314 runt
235 3246 401 3324 momenti,
427 3244 494 3332 ejus
515 3241 579 3308 luci
601 3266 701 3331 quum
723 3266 787 3310 non
806 3246 872 3333 jam
901 3245 1060 3313 obducere
1087 3246 1222 3314 debeant

139 3335 298 3414 tenebras,
325 3332 390 3399 fieri
416 3355 481 3399 non
508 3341 624 3421 potest,
654 3334 728 3421 quin
752 3346 949 3402 evanescant.
998 3334 1115 3426 Neque
1143 3357 1219 3403 vero

140 3427 261 3515 primae
284 3424 391 3489 aetolis
421 3420 558 3511 patribus
586 3431 618 3488 et
643 3422 694 3502 iis,
724 3423 778 3511 qui
806 3422 910 3513 paullo
962 3436 1049 3492 ostea
1077 3426 1222 3492 vixerunt

141 3513 335 3593 Christianis,
355 3509 423 3577 illa
445 3508 497 3577 lex
516 3511 662 3599 imposita
684 3521 740 3594 est,
762 3523 798 3579 ut
811 3514 901 3581 nobis
916 3450 1030 3581 abolita
1047 3537 1115 3580 esse
1130 3515 1219 3583 vide·

139 3612 233 3682 retur,
255 3600 311 3669 sed
333 3601 475 3668 omnium
497 3609 560 3665 tem
583 3623 674 3668 orum
699 3599 894 3683 hominibus,
923 3605 977 3694 qui
1004 3603 1220 3671 sacra.Chri-

139 3693 238 3758 stiana
260 3700 443 3780 sequuntur,
465 3623 601 3776 singulis.
640 3688 762 3756 Eadem
785 3691 930 3759 omnibus
952 3690 992 3758 ad
1007 3690 1141 3768 salutem
1156 3695 1220 3759 im-

137 3779 321 3871 petrandam
342 3781 393 3846 via
412 3779 550 3844 inuenda
573 3789 634 3858 est3
662 3778 774 3846 eadem
796 3791 832 3847 ut
853 3779 1024 3869 tranquillis
1053 3782 1166 3848 animis
1187 3793 1222 3850 et

159 3872 249 3938 arietis
269 3871 419 3949 fruantur,
441 3867 638 3957 suscipienda
659 3867 816 3955 pericula3
844 3869 955 3936 eadem
974 3867 1024 3955 ad
1052 3867 1125 3939 [idei
1151 3871 1219 3938 vim

136 3895 320 4026 llrmandam
343 3957 512 4024 certamina
533 3955 710 4045 repetenda.
746 3955 812 4025 Sed
834 3980 898 4024 non
920 3960 1063 4026 omnium
1078 3967 1219 4027 aetatum
1253 3953 1258 3965 ’

137 4047 178 4114 de
197 4047 307 4114 iisdem
331 4044 528 4135 dogmatibus
555 4068 625 4112 esse
653 4043 733 4113 solet
759 4045 931 4129 dimicatio,
960 4071 1065 4140 nequa
1083 4037 1217 4127 eorum,

137 4135 192 4225 qui
213 4135 342 4203 diversis
363 4133 556 4222 temporibus
577 4135 694 4214 vivunt,
716 4157 819 4224 aeque
833 4138 914 4205 acris
929 4143 1020 4228 quasi
1035 4158 1217 4226 pugnarum

137 4227 281 4313 impetus.
314 4222 382 4292 Alia
398 4224 480 4290 enirn
501 4232 574 4288 sunt
589 4225 690 4312 magis
704 4225 871 4316 perspicua
888 4238 919 4295 et
927 4229 967 4297 ad
976 4224 1216 4317 intelligendum

135 4311 282 4393 faciliora,
304 4326 339 4382 ut
359 4311 516 4404 cogitandi
536 4310 674 4380 stadum
697 4335 716 4381 a
736 4318 899 4408 proposito
926 4317 1055 4386 minime
1078 4314 1212 4398 aberrat,
