2714 4912
522 330 784 393 ,69-

137 447 354 567 monebaritur,
375 495 411 552 ut
432 483 580 552 docerent
600 482 706 567 laicos,
727 483 777 567 „id
800 483 885 574 quod
906 486 944 550 iis
964 485 997 552 in
1020 483 1117 552 calice
1140 505 1217 573 pro-

137 577 305 666 pinaretur,
327 596 390 640 non
412 597 483 641 csse
505 585 752 655 sacramentum,
780 573 836 640 sed
861 576 971 640 vinum
993 592 1111 663 purum
1132 573 1217 640 hau·

137 663 281 731 riendum
304 663 460 744 traditum,
482 674 518 729 ut
530 662 660 745 facilius,
683 662 768 754 quod
783 663 984 751 accepissent,
1007 665 1128 729 siccum
1143 686 1215 729 cor-

137 776 199 841 pus
222 751 398 843 glutirent“
443 752 551 834 „Solis
578 754 662 819 enim
687 750 932 833 celebrantibus,
966 761 1010 817 ut.
1029 753 1217 841 sanguinem

137 843 197 908 sub
219 842 324 932 specie
344 843 410 909 vini
431 843 604 909 consecrati
633 851 809 923 sumerent,
839 863 908 908 esse
931 849 1148 908 concessum.“
1172 879 1217 890 -

136 932 282 999 Attamen
305 953 408 1019 usque
431 929 471 1014 ad
493 952 554 996 sec.
576 927 703 1015 ΧΝ.“)
732 928 783 997 hic
806 940 837 996 et
857 928 919 996 illic
941 939 1032 994 vetus
1054 952 1126 994 mos
1148 952 1216 996 ser·

136 1020 278 1101 vabatur,
323 1021 496 1086 otissimum
517 1019 550 1085 in
572 1020 778 1100 monasteriis,
806 1042 888 1109 quae
911 1015 1082 1108 plurimum
1105 1029 1216 1095 aucto·

136 1110 226 1176 ritate
248 1042 416 1199 pollebant,
436 1106 524 1175 velut
545 1109 578 1175 in
601 1108 810 1189 Cluniacensi,
832 1117 886 1174 out
913 1130 1016 1174 novus
1043 1105 1218 1174 induceba-

137 1207 198 1279 tur,
221 1200 275 1287 qui
298 1200 388 1288 quasi
406 1200 485 1264 inter
507 1196 617 1265 ambos
639 1195 761 1264 medius
782 1198 983 1286 interpositus
1010 1204 1091 1277 erat,
1118 1197 1162 1264 ita
1183 1206 1220 1262 at

136 1297 229 1376 „post
250 1289 439 1353 sumtionem
461 1289 601 1375 corporis
629 1296 660 1354 et
687 1287 847 1376 sanguinis
876 1283 993 1375 aliquid
1019 1286 1119 1374 ipsius
1142 1307 1216 1352 san·

137 1377 241 1466 guinis
261 1377 294 1442 in
315 1374 413 1441 calice
435 1385 612 1442 servaretur
633 1385 664 1442 et
684 1375 794 1442 vinum
816 1378 933 1464 purum
956 1396 1052 1464 super
1071 1373 1217 1441 infunde·

85 1488 87 1492 ·
136 1472 250 1531 retur.“
264 1501 308 1512 ·-
324 1462 469 1532 'landem
491 1487 567 1531 vero
583 1462 706 1533 concilii
719 1463 965 1531 Constantiensis
981 1463 1119 1529 sessione
1134 1461 1219 1530 XIII.

62 1578 71 1594 ·
136 1551 234 1619 altera
255 1555 376 1642 species
399 1553 548 1644 abrogata
575 1564 636 1637 est,
664 1555 755 1643 cujus
781 1552 843 1619 hoc
865 1561 913 1618 est
934 1550 1109 1642 decretum:
1144 1551 1218 1619 Hoc

135 1664 287 1732 praesens
308 1640 477 1724 concilium
499 1665 626 1709 sacrum
652 1637 800 1733 generale
822 1642 1062 1708 Constantiense
1090 1640 1123 1707 in
1152 1642 1217 1730 spi·

135 1732 199 1798 ritu
221 1741 327 1798 sancto
349 1729 487 1822 legitime
508 1742 733 1822 congregatum
755 1728 901 1810 declarat,
930 1727 1066 1794 decernit
1083 1738 1119 1818 et
1142 1727 1217 1796 delin

136 1821 192 1901 nit,
214 1817 414 1909 quodlicet
436 1818 620 1888 Christus
642 1841 804 1887 coenam
830 1818 1052 1884 instituerit
1073 1828 1112 1894 et
1133 1819 1217 1884 suis

136 1906 350 1997 discipulis
373 1908 708 1976 administraverit
730 1907 789 1977 sub
811 1919 985 1996 atroque
1008 1928 1023 1970 s
1046 1908 1217 1996 eciepanis

137 1999 269 2076 etvini,
298 2006 330 2062 et
355 1999 388 2063 in
414 1993 570 2088 primitiva
598 1995 729 2065 ecclesia
755 1998 801 2064 sic
828 1996 922 2062 etiarn
950 2017 969 2060 a
996 1928 1139 2062 fidelibus
1166 2019 1214 2063 re·

135 2095 264 2175 ceptum
286 2087 392 2153 fuerit:
413 2096 529 2167 tamen,
552 2087 625 2152 Itoc
646 2109 724 2152 non
745 2088 927 2152 obataate
950 2081 1003 2169 (l),
1033 2084 1073 2150 ad
1096 2085 1213 2152 evitan-

135 2174 214 2242 dum
236 2173 341 2265 aliqua
358 2172 499 2264 pericula
513 2185 544 2241 et
561 2172 708 2242 scandala
724 2173 853 2264 posthac
870 2196 890 2240 a
907 2171 1141 2242 conficientibus
1160 2173 1215 2243 sub

135 2274 271 2353 utraque
298 2265 405 2354 specie
433 2275 465 2331 et
493 2277 512 2330 a
540 2263 627 2331 laicis
654 2251 869 2329 tantummodo
903 2261 962 2328 sub
983 2265 1098 2416 ppecie
1127 2265 1215 2353 panio

71 2435 73 2440 Ι
135 2355 337 2440 suscipiatur:
360 2374 436 2418 cum
458 2351 633 2418 firmissime
654 2350 847 2418 credendum
862 2351 900 2417 sit
914 2361 983 2418 etn
1030 2361 1142 2418 atenus
1157 2350 1213 2418 du·

134 2438 306 2522 bitandum,
327 2443 484 2531 integrum
508 2439 623 2507 Christi
644 2461 760 2528 corpus
788 2449 819 2505 et
847 2441 1033 2530 sanguinem
1061 2449 1127 2506 tam
1158 2439 1214 2507 sub

135 2530 241 2619 specie
264 2532 363 2618 panis,
384 2553 482 2685 poam
496 2529 555 2596 sub
570 2530 675 2617 specie
689 2530 754 2595 vini
767 2528 920 2595 veraciter
935 2530 1092 2596 contineri.
1124 2528 1216 2598 Unde

135 2641 211 2686 cum
233 2615 381 2708 hujusmo
403 2621 414 2685 i
436 2619 630 2686 consuetudo
654 2617 693 2684 ab
716 2615 849 2687 ecclesia
876 2627 908 2683 et
934 2619 1048 2707 sanetis
1100 2618 1215 2684 atribus

135 2707 356 2776 rationabiliter
376 2706 552 2776 introducta
573 2717 605 2774 et
626 2707 799 2774 diutissime
824 2704 987 2772 observata
1003 2709 1050 2788 sit,
1072 2639 1216 2774 liabenda

135 2806 183 2863 est
204 2819 261 2887 pro
284 2793 365 2887 lege,
388 2820 485 2887 quam
507 2819 571 2864 non
591 2796 664 2863 licet
684 2794 867 2886 reprobare,
896 2805 951 2861 aut
973 2796 1039 2862 sine
1063 2795 1216 2864 ecclesiae

135 2887 328 2952 auctoritate
346 2909 403 2976 pro
439 2885 531 2952 nihilo
561 2895 691 2953 mutare.
743 2884 944 2975 Quapropter
976 2883 1094 2966 dicere,
1130 2884 1216 2975 quod

74 2997 79 3009 ¹
134 2971 216 3038 hanc
239 2975 499 3042 consuetudinem
522 2983 576 3041 aut
597 2973 700 3064 legem
723 2996 863 3056 servare,
891 2974 929 3039 sit
951 2971 1141 3064 sacrilegum
1161 2984 1217 3041 aut

133 3059 283 3142 illicitum,
306 3065 427 3129 censeri
449 3062 540 3129 debet
562 3086 739 3144 erroneum,
767 3072 797 3130 et
841 3063 1014 3130 ertinaciter
1040 3072 1217 3130 asserentes

134 3152 315 3241 oppositum
344 3153 603 3242 praemissorum,
638 3161 789 3240 tanquam
816 3085 963 3225 liaeretici
992 3150 1117 3219 arcendi
1144 3161 1217 3219 sunt

135 3248 166 3306 et
188 3242 324 3329 graviter
345 3238 502 3330 puniendi.
539 3239 627 3307 Haec
651 3250 758 3306 sancta
780 3240 921 3328 synodus
944 3239 1090 3322 decernit,
1112 3250 1148 3307 ut
1169 3243 1215 3308 el·

133 3327 307 3396 lectualiter
327 3333 505 3420 puniantur,
528 3330 582 3418 qui
604 3328 838 3397 communicant
859 3328 1013 3420 populum
1043 3328 1101 3397 sub
1129 3339 1215 3396 utra·

136 3440 200 3506 que
222 3419 327 3508 specie
350 3429 379 3485 et
402 3421 447 3485 sic
468 3416 645 3485 laciendum
669 3441 739 3484 esse
762 3416 882 3484 docent
928 3417 1052 3501 Quodsi
1074 3417 1114 3490 ad
1136 3441 1214 3508 poe·

134 3507 295 3573 nitentiam
317 3507 478 3587 redierint,
507 3506 547 3572 ad
568 3509 725 3596 gremium
754 3504 906 3575 ecclesiae
934 3507 1138 3596 recipiantur,
1165 3508 1214 3575 in·

131 3595 240 3683 juncta
261 3597 298 3661 iis
320 3620 376 3685 pro
399 3597 495 3663 modo
524 3595 636 3686 culpae
665 3596 853 3685 poenitentia
880 3592 1024 3677 salutari;
1057 3598 1112 3698 qui
1140 3618 1216 3664 vero

135 3703 176 3748 ex
198 3680 258 3748 illis
280 3682 320 3749 ad
347 3685 567 3774 poenitentiam
595 3683 695 3751 redire
722 3706 785 3751 non
813 3686 1003 3766 curaverint,
1032 3706 1137 3751 ammo
1164 3686 1214 3753 in·

134 3769 254 3853 durato,
276 3795 333 3861 per
355 3797 522 3841 censuram
542 3771 794 3853 ecclesiasticam,
817 3781 852 3839 ut
866 3771 1022 3854 haeretici,
1044 3780 1214 3842 coercean-

134 3869 194 3941 tur,
215 3861 360 3927 invocato
383 3864 476 3930 etiam
499 3861 633 3942 adhoc,
655 3863 682 3928 si
699 3885 785 3953 opus
807 3863 907 3952 luerit,
929 3860 1047 3930 brachii
1069 3860 1214 3932 saecula·

133 3949 175 4015 ris
196 3947 320 4018 amilio.

206 4114 233 4176 a)
255 4121 293 4168 11.
318 4121 342 4165 tn
367 4118 509 4164 rnrtversum
535 4119 630 4166 Cattxt,
651 4119 691 4168 ¹‹to
715 4120 883 4165 communtone
910 4121 957 4166 sut
984 4125 1089 4173 unaque
1118 4120 1212 4173 specie.

134 4191 263 4243 Latrnnue
282 4191 385 4236 trietotre
404 4191 433 4234 de
451 4188 624 4233 t'ttuctrartstte
643 4200 667 4242 n.
691 4190 746 4234 112.
767 4189 791 4236 r.
817 4194 853 4235 tte
873 4191 936 4237 nnn
956 4191 986 4235 de
1004 4189 1148 4262 adoratione
1166 4203 1214 4245 oa-

134 4259 174 4304 nis
193 4263 332 4307 corrsecratt
351 4269 375 4306 et
393 4259 563 4306 InterdictIoue
582 4258 669 4304 calicis
688 4260 712 4303 tn
732 4261 898 4307 ttuctrartsttc.
934 4262 1036 4315 spinter
1058 4262 1149 4305 (tracti.
1170 4264 1214 4307 (tes

134 4330 242 4377 ttetcnes
259 4331 292 4378 tm
310 4333 470 4380 Mcudmattt.
489 4351 524 4362 ’-
543 4332 565 4377 Α
585 4329 663 4385 ortma
682 4335 764 4382 aetate
783 4331 905 4380 cecteotae
924 4341 1004 4385 usaue
1027 4331 1142 4402 udpsaec.
1159 4335 1213 4380 1111.
