2714 4912
506 310 785 419 n-'so-

132 495 254 562 bantur.
284 489 424 559 rEodern
443 492 539 583 igitur
559 489 657 558 modo
679 491 866 558 sacramenti
894 491 1051 562 elemento
1076 507 1215 582 externa,
1311 515 1314 529 '

134 580 442 674 quae-accipiebant,
471 603 490 646 a
518 579 588 646 cibo
611 578 753 660 coelesti,
784 581 838 669 qui
866 581 960 648 simul
981 607 1057 650 cum
1077 585 1115 651 iis
1136 611 1213 678 sup·

157 671 302 754 editatm,
331 690 395 738 non
422 667 637 759 sejungebant,
659 667 716 736 sed
745 690 830 758 quae
853 675 1021 760 separatim
1036 673 1215 780 ‘distribue-

133 696 263 842 bantur,
292 755 672 827 contundere-audebant·
698 757 769 825 'Sic
783 761 914 825 -facturn
941 771 1011 844 est,
1029 774 1066 830 ut
1094 765 1216 850 Graeci,

135 848 232 928 simui
255 859 350 939 atque
369 847 534 936 imagines,
557 844 645 936 quas·
660 845 1095 939 antiquissi'rnisstemporibus
1118 839 1213 925 Chri·

135 941 235 1018 stiani,
254 960 297 1005 ne
319 959 430 1003 earum
445 935 602 1003 itteoebrrs·
619 938 652 1003 in
673 958 795 1004 errores
814 936 963 1005 inducere
984 950 1046 1022 tur,
1064 944 1214 1034 repudia-

134 1038 254 1109 verant‚
277 1027 316 1103 ab
337 1026 423 1093 initio
452 1023 492 1091 ad
520 1024 725 1093 ecclesiarum
753 1024 935 1117 dignitatem
962 961 1140 1120 dugendom
1170 1038 1216 1102 ar-

134 1116 213 1183 fixas
240 1118 355 1206 pietate
377 1115 528 1206 prosequi·
546 1125 733 1205 coeperunt,
752 1116 819 1182 fere
837 1116 926 1183 inviti
943 1118 1217 1190 transsubstantia-

135 1206 229 1272 tionis
250 1226 390 1271 errorem
413 1204 523 1270 animis
546 1205 636 1293 quasi
657 1202 840 1286 inhiberent,
861 1207 952 1294 cujus
974 1209 1127 1276 rationem
1151 1211 1215 1279 cla·

135 1293 332 1359 rissimorum
357 1315 410 1359 ma
433 1293 440 1306 '
460 1302 579 1361 trorum
606 1293 766 1385 sententiis
793 1294 958 1363 afferendis
985 1301 1218 1371 accuratissime

138 1380 253 1474 exponi
273 1404 368 1475 posse
390 1405 426 1450 ar
445 1383 529 1448 itror.
711 1429 715 1436 -
827 1442 839 1476 ,
863 1424 865 1433 ·

209 1674 211 1679 -
352 1694 354 1699 ,
384 1590 456 1700 'rrs
480 1637 643 1701 uarum
664 1638 758 1702 crus
775 1590 959 1704 saronis.

627 1787 731 1876 §.m
958 1788 961 1794 ·

227 1911 293 2003 Qui
313 1910 431 1979 saeculi
453 1913 533 1979 sexti
553 1913 639 1980 initio
660 1916 785 2003 primus
804 1916 838 1983 in
860 1915 993 1984 ecclesia
1016 1916 1138 1986 Graeca
1159 1905 1225 2011 pa?

138 2011 223 2068 trum
245 2003 386 2090 priorum
407 2000 505 2068 verba
522 2000 768 2070 deEucharistia
782 2005 950 2094 magnifica
966 2007 1010 2072 ita
1025 2005 1222 2098 intelligeret>

138 2100 175 2156 ut
196 2088 237 2156 ad
258 2112 330 2156 eam
352 2089 538 2172 doctrinam,
558 2113 641 2181 quae
662 2102 773 2181 postea
794 2093 1094 2161 transsubstantiatio
1122 2121 1219 2170 voca-

137 2177 239 2260 batur,
261 2201 359 2270 quam
381 2179 720 2269 prordmeaccederet,
741 2182 799 2247 tirit
815 2181 998 2248 Anastasius
1013 2183 1133 2262 Sinaita
1148 2209 1221 2252 mo·

137 2267 269 2350 nachus,
292 2268 333 2336 de
355 2290 420 2358 quo
442 2267 751 2361 cum'plures'ejus
778 2271 914 2337 nominis
935 2271 1103 2360 scriptores
1124 2276 1220 2342 exsti·

138 2358 250 2438 terint,
280 2358 359 2422 infra
394 2356 560 2426 annotabo.
609 2356 640 2424 is
668 2360 753 2426 enirn
780 2360 812 2427 in
840 2357 935 2440 libro,
964 2362 1018 2450 qui
1045 2363 1222 2433 inscribitur

142 2440 289 2531 ddnydeb
312 2467 388 2511 cum
414 2446 602 2536 quibusdam
631 2446 795 2516 haereticis
815 2447 1038 2546 Eutychianis,
1057 2472 1140 2560 'quos
1160 2476 1223 2520 rro-

140 2535 272 2601 minavit
294 2534 466 2617 Gaianitas,
496 2537 556 2626 qui
595 2561 613 2602 e
641 2536 758 2604 Christi
777 2559 900 2630 ,corpus
928 2561 1003 2607 cum
1025 2551 1103 2622 θειῳ
1132 2534 1230 2626 λόγῳ

140 2624 345 2712 conjunctum
365 2559 597 2714 inconuptibdd
619 2647 690 2691 esse
703 2627 935 2706 contenderent,
953 2649 1017 2716 quo
1034 2627 1154 2695 facilius
1168 2653 1224 2696 er·-

102 2744 105 2752 ·
140 2714 221 2778 roris
249 2714 466 2797 convinceret,
498 2716 545 2780 ita
572 2714 754 2802 disputavit,
781 2724 818 2780 ut
842 2715 981 2803 primum
1009 2716 1224 2806 interrogaret,

140 2822 220 2866 num
241 2801 269 2866 si
289 2811 325 2867 ut
346 2801 497 2883 divinitas,
518 2803 569 2868 ita⁴
583 2803 678 2869 etiam
699 2825 816 2891 corpus
839 2802 955 2870 Christi
977 2803 1106 2894 abipso
1129 2807 1224 2873 unio-

140 2890 190 2957 nis
216 2890 303 2956 initio
336 2890 521 2957 immortale.
539 2890 651 2973 esset,
683 2902 792 2959 sancta
824 2894 964 2982 corporis
996 2894 1043 2959 et
1062 2896 1224 2985 sanguinis

143 2976 260 3045 Christi
283 2981 465 3046 communio
487 2978 634 3047 habenda
648 2989 739 3045 'esset
759 3004 872 3047 verum
893 3004 1009 3073 corpus
1032 2992 1064 3048 et
1085 3005 1142 3049 san
1166 2987 1224 3068 uis,

142 3089 183 3133 an
204 3066 307 3159 figura
325 3078 449 3136 tantum
471 3069 613 3159 corporis
635 3067 767 3137 Chritti‘?
789 3109 833 3120 --
858 3069 920 3138 Cui
941 3071 1103 3161 respondit
1127 3008 1222 3140 (daia-

142 3156 220 3222 nita:
250 3157 376 3240 ‚,Ahsit‚
403 3168 440 3224 ut
461 3157 614 3241 dicamus,
642 3180 765 3225 sacram
786 3161 1044 3227 communionem
1066 3181 1137 3226 esse
1153 3170 1222 3228 tan·

109 3277 111 3280 ·
142 3253 211 3311 tum
232 3243 366 3335 figuram
389 3247 505 3315 Christi
526 3258 580 3315 aut
601 3247 724 3315 nudum
745 3271 876 3340 panem;
903 3247 960 3313 sed
979 3250 1086 3336 ipsum
1107 3271 1224 3337 corpus

143 3343 176 3399 et
203 3335 391 3424 sanguinem
425 3332 566 3422 Christi,
599 3335 652 3404 filii
678 3336 743 3403 Dei
779 3337 931 3402 incarnati
962 3359 1004 3404 ex
1030 3338 1225 3420 sanctissima

143 3420 286 3514 Deipara
307 3424 372 3489 nati
393 3445 469 3491 vere
491 3425 692 3514 accipirnus.“
734 3420 843 3513 ltaque
865 3424 1146 3508 sic'concedimus
1173 3427 1222 3494 in-

144 3511 214 3600 quit
233 3509 435 3593 orthodoxus,
457 3514 503 3579 sic
524 3512 818 3602 confitemurjuxta
839 3511 1090 3581 dictumChristi
1105 3514 1145 3581 ad
1160 3514 1223 3582 dis·

144 3597 266 3689 cipulos
286 3602 320 3667 in
348 3623 449 3668 coena
474 3604 607 3690 mystica
625 3601 734 3668 dantis
761 3599 1076 3692 vivificum-panem:
1106 3605 1223 3686 „Acci-

144 3691 218 3791 pite,
241 3689 406 3770 comedite,
425 3689 487 3756 hoc
502 3701 550 3757 est
571 3713 687 3780 corpus
709 3714 818 3757 meum
826 3698 853 3771 ;“
876 3714 974 3781 quam
994 3692 1034 3759 ob
1048 3691 1136 3775 rem,
1148 3717 1223 3761 curn

144 3799 212 3868 lpse
236 3777 379 3845 Christus
400 3777 542 3864 fateatur,
570 3803 646 3847 vere
669 3803 741 3846 esse
768 3802 883 3870 corpus
912 3803 1007 3849 suum
1035 3790 1066 3848 et
1094 3783 1222 3872 sangui-

145 3888 231 3946 nem,
258 3866 394 3958 agedum
417 3868 494 3933 affer
521 3867 610 3935 nohis
639 3865 756 3958 aliquid
783 3890 823 3934 ex
842 3872 1073 3937 communione
1095 3881 1224 3938 ‘vestrae

147 3951 308 4034 ecclesiae,
329 3966 364 4021 ut
383 3959 418 4022 in
433 3979 511 4024 vaso
529 3980 604 4023 curn
622 3959 708 4024 omni
723 3956 844 4024 honore
860 3969 892 4024 et
901 3960 1078 4028 reverentia
1087 3982 1222 4050 repona-

147 4067 220 4110 mus
241 4041 303 4109 hoc
325 4055 468 4112 sanctum
491 4044 608 4113 Christi
628 4069 743 4138 corpus
766 4057 798 4112 et
819 4050 1013 4139 sanguinem.
1056 4045 1124 4114 Etsi
1144 4049 1224 4116 intra

146 4153 267 4222 paucos
296 4132 362 4199 dies
384 4153 448 4198 non
471 4146 692 4226 corrumpatur
720 4145 774 4201 aut
798 4135 997 4217 immutetur,
1018 4134 1156 4229 'planum
1182 4136 1224 4220 iit,

147 4220 208 4288 vos'
226 4231 311 4291 recte
334 4242 484 4301 asserere,
505 4245 620 4316 corpus
642 4223 758 4292 Christi
781 4227 904 4316 penitus
926 4224 1057 4316 abipso
1078 4227 1230 4294 incarna-¹

148 4302 344 4383 tionis¹initio
366 4311 573 4400 corruptionis
593 4336 707 4404 expers
727 4335 807 4383 esse.-
825 4352 830 4370 .·
847 4314 887 4383 si
908 4325 1227 4410 vero-corrumpatis.
