2714 4912
515 324 647 422 -rs
689 302 782 407 -’

23 562 27 566 -
88 509 276 581 omittendas
296 519 531 580 commoverent
550 519 584 579 et
602 510 779 599 perieulum
799 532 929 597 eorum,
956 517 1012 608 qui
1037 516 1158 612 indigni

88 612 319 668 sacramentum
339 601 558 680 comederent,
583 599 688 666 verbis
715 603 941 693 exasperabant
967 607 1056 674 etin
1083 631 1155 676 ma-

84 693 140 781 jus
160 689 314 772 tollebant,
336 689 429 756 etde
452 687 581 754 utilitate
601 698 697 778 atque
718 691 893 773 commodo,
922 717 1005 784 quae
1027 680 1068 761 bx
1089 697 1155 788 pri·

87 789 162 844 vato
196 779 381 870 illo³opere
412 776 452 843 ad
486 776 629 843 absentes
662 788 694 844 et
726 791 905 868 praesentes
935 783 1155 869 redundarent,
1187 781 1190 785 ’

86 866 187 935 multa
208 861 366 936 audebant
385 866 586 932 comminisci.
630 866 726 950 Quod
745 868 956 955 institutumf')
979 896 1043 962 quo
1065 873 1153 942 nullu

87 956 244 1046 periculo,
272 955 361 1023 nullo
388 956 527 1045 negotio,
554 951 639 1020 solo
669 978 787 1044 opere
816 979 835 1022 o
869 971 995 1041 erato,
1047 975 1154 1030 eccata
1243 1029 1247 1038 ,

84 1049 200 1112 remitti
221 1046 417 1136 putabantur,
438 1041 554 1134 populo
575 1065 614 1109 eo
635 979 906 1197 mapis‚placebat
928 1072 990 1137 quo
1006 984 1153 1119 libentius

84 1135 349 1200 caerimoniarum
369 1155 517 1222 pompam
538 1142 685 1224 contemp
697 1136 757 1214 mi,
808 1158 883 1201 uam
911 1158 1016 1202 mores
1038 1139 1150 1208 volun-

85 1233 248 1313 tatemque
268 1223 433 1287 immutare
455 1220 582 1288 solebat
614 1221 672 1288 Est
692 1245 768 1289 vero
791 1224 797 1238 '
825 1223 867 1289 ud
889 1246 970 1313 opus
988 1239 1152 1314 operatum

83 1312 156 1398 ipsa
177 1313 257 1376 actio
278 1320 404 1377 externa
425 1310 492 1377 sive
509 1312 698 1378 caerimonia
714 1313 839 1395 missae,
857 1315 900 1379 ita
916 1321 952 1379 ut
970 1317 1072 1381 omnis
1086 1319 1151 1383 vir-
1258 1346 1261 1351 ’
1288 1364 1289 1373 1

85 1409 138 1463 tus
158 1401 270 1465 missae
286 1401 319 1466 in
334 1400 404 1488 ipso
422 1422 528 1490 opere,
594 1423 613 1466 o
630 1399 812 1483 celebretur,
832 1412 986 1483 constare,
1008 1415 1041 1471 et
1055 1407 1152 1472 missa
1235 1440 1238 1445 ¹

85 1489 217 1576 gratiam
238 1491 379 1554 conferre
400 1487 529 1554 dicatur.
550 1423 647 1555 illude
668 1493 817 1580 sequitur,
840 1502 875 1557 ut
894 1492 928 1557 in
944 1491 1150 1576 Eucharistia,

82 1574 272 1666 simulatque
306 1586 485 1643 consecrata
522 1578 578 1658 sit,
612 1579 732 1644 etiamsi
766 1602 831 1646 non
863 1580 1067 1663 comedatur,
1100 1584 1148 1650 di·

80 1667 189 1730 vinam
212 1665 370 1756 quandam
384 1667 582 1733 sacramenti
606 1667 672 1734 vim
694 1668 802 1733 >inesse
829 1670 1013 1757 putaverint.
1041 1671 1151 1754 .1Quae
1250 1743 1260 1761 ο

81 1753 211 1843 quidem
231 1757 386 1827 sententia,
396 1757 609 1846 turpissimam
624 1758 874 1846 superstitionem
892 1767 924 1822 et
945 1755 1149 1828 calamita·

80 1852 149 1908 tes·
166 1840 362 1910 ecclesiae
383 1842 520 1911 intulit
541 1846 789 1917 miserrimas.
821 1845 939 1936 Neque
955 1849 1041 1912 enirn
1076 1849 1148 1917 uid·

79 1934 180 2087 ssiam
200 1934 385 2023 cogitatione
406 1932 573 2023 effingitur,
599 1934 685 2037 quod
705 1958 769 2002 non
790 1935 893 2002 missis
914 1872 1107 2020 adebrandis
1128 1961 1148 2007 a
1165 1957 1187 1972 '¹

116 2043 155 2087 eo
176 2022 335 2110 impetrari
356 2042 448 2109 posse
469 2024 573 2088 visum
594 2032 640 2087 sit
683 2023 786 2112 Atque
812 2026 887 2090 cum
909 2025 1024 2100 missae
1052 2049 1072 2092 a
1094 2050 1146 2094 sa-

79 2108 259 2176 cerdotibus
280 2110 389 2191 vendi,
415 2133 437 2196 a
455 2107 543 2179 laicis
564 2112 628 2176 emi
648 2113 833 2199 coepissent,
860 2121 896 2177 ut
917 2113 1012 2178 etiam
1032 2115 1146 2182 foedis-

80 2199 163 2264 sima
191 2198 306 2290 flagitia
333 2209 365 2266 et
386 2197 506 2267 seelera
527 2200 647 2290 expiari
674 2222 768 2290 posse
790 2199 977 2288 viderentur,
1002 2200 1149 2270 homines

13 2318 18 2328 ·
78 2285 216 2378 plurimi,
238 2289 292 2379 qui
313 2272 398 2356 Cin
411 2287 521 2355 Deum
542 2298 574 2356 et
593 2290 626 2356 in
647 2290 732 2355 cives
747 2290 791 2354 im
813 2290 844 2356 ie
862 2290 1042 2380 nefarieque
1056 2312 1146 2356 eom-

79 2377 246 2459 miserant,
271 2388 393 2443 tantum
414 2376 526 2460 abfuit,
554 2388 591 2444 ut
611 2401 631 2445 a
652 2377 772 2468 perdita
791 2312 916 2446 luxuria
936 2378 978 2446 ad
998 2378 1147 2446 virtutem

55 2520 58 2527 .
78 2476 312 2546 revocarentur,
330 2476 364 2533 ut
378 2467 482 2532 missis
499 2465 650 2534 aelericis
661 2466 813 2534 obeundis
828 2478 950 2534 tantum
965 2466 1154 2552 tribuerent·

104 2565 235 2620 uantum
245 2554 336 2620 Deus
348 2578 443 2622 verae
454 2555 526 2622 fidei
534 2554 734 2622 tribuendum
750 2556 903 2635 decrevit;
916 2596 957 2609 -
969 2559 1060 2646 cujus
1094 2560 1143 2626 ui-

77 2577 154 2709 dem
164 2644 316 2732 opinionis
326 2642 477 2710 nonnulla
488 2641 634 2734 exempla
645 2646 819 2710 afferemus.
835 2646 889 2712 Sic
899 2646 1023 2734 scripsit
1031 2581 1145 2712 Lrlllus

77 2732 255 2800 monachus
274 2731 467 2819 Fuldensis·)
487 2735 520 2799 in
536 2729 723 2822 epistolaad
738 2730 962 2798 Denhardum:
982 2731 1145 2813 „Misimus

77 2819 170 2886 vobis
190 2823 319 2887 nomina
339 2822 457 2889 domini
476 2821 613 2888 Romani
629 2822 781 2912 episcopi,
803 2843 861 2913 pro
884 2844 948 2911 quo
970 2825 1162 2913 unusquis·⁸

77 2930 144 2999 que
165 2919 306 2976 vestrum
326 2911 451 3000 triginta·
474 2912 587 2976 missas
613 2920 717 2978 cantet
743 2920 775 2977 et
801 2905 941 3001 psalmos
969 2920 1001 2977 et
1022 2912 1167 3003 je'unia·

74 3001 166 3088 juxta
187 2998 446 3067 consuetudinem
471 3009 625 3080 nostram,
652 2997 793 3065 similiter
809 3020 878 3089 pro
904 2997 1028 3067 duobus
1067 3001 1143 3067 aicis

77 3087 190 3155 decem
211 3090 323 3155 missas
343 3089 561 3179 unusquisque
586 3097 728 3154 vestrum
754 3097 866 3154 cantet
892 3125 938 3139 —·-
962 3086 1035 3154 Illas
1062 3090 1141 3154 mis-

77 3197 139 3258 sas,
162 3200 243 3266 quae
265 3200 323 3268 pro
345 3176 653 3268 tempestatibus
673 3175 741 3243 [ieri
760 3174 876 3265 solent,
901 3175 1061 3245 celebrare
1081 3199 1142 3245 vos

78 3264 252 3356 presbyteri
278 3267 517 3334 recordamini«
566 3266 630 3334 Pro
658 3265 888 3333 valetudine
915 3287 1044 3356 quoque
1070 3287 1139 3332 ac-

40 3430 43 3436 ,
77 3365 282 3445 grotorum
303 3356 471 3421 missarum
491 3377 624 3422 munera
644 3352 886 3421 administranda
912 3377 982 3420 esse
1003 3375 1139 3420 censue·

76 3452 156 3510 runt
202 3443 290 3526 Nam
310 3462 367 3536 pro
389 3443 503 3510 eodem
521 3442 612 3511 Lullo
634 3441 790 3509 monacho
818 3439 957 3531 psalmos
989 3440 1139 3508 decanta-

76 3541 125 3600 tos
147 3541 179 3600 et
199 3529 601 3619 missaseelebratasesse,
621 3542 656 3597 ut
676 3532 837 3620 pristinam
865 3531 1030 3596 sanitatem
1055 3531 1138 3598 reci·

76 3621 389 3714 peretVigberti'ad
409 3644 486 3688 eum
506 3617 637 3710 epistola
653 3619 776 3686 indicat.
795 3619 963 3686 Praeterea
979 3640 1047 3710 pro
1071 3620 1138 3705 iis,

77 3712 145 3800 qui
165 3709 363 3801 stipendia
385 3719 599 3790 mererent,
620 3728 662 3775 ne
672 3709 781 3774 mortis
796 3706 936 3773 subiient
950 3706 1137 3798 periculum,

76 3799 189 3864 missas
199 3798 356 3866 solemnes
368 3801 532 3880 institutas,
540 3808 671 3887 apparet
680 3821 721 3864 ex
732 3794 838 3863 Caroli
847 3796 954 3901 magni
963 3797 1136 3882 decretozo)

75 3887 161 3971 „Qui
182 3888 265 3977 apud
286 3913 360 3955 suas
380 3886 530 3970 ecclesias
556 3896 733 3975 remanent,
760 3908 817 3975 pro
844 3886 934 3953 nob1s
962 3897 994 3953 et
1020 3894 1136 3952 cuncto

75 3975 215 4043 exercitu
235 3989 339 4044 nostro
361 3975 631 4058 missas,'litanias,
651 3973 830 4055 oblationes,
850 3972 1068 4064 eleemosynas
1085 3975 1155 4039 fa-·

74 4065 184 4132 ciant“
229 4064 313 4148 Quin
333 4070 427 4133 etiam
447 4067 514 4134 Leo
535 4075 666 4158 quartus
685 4086 768 4155 papa
788 4066 897 4144 missa,
925 4086 1009 4153 aqua
1035 4061 1137 4128 benc·.

74 4153 166 4235 dicta,
186 4154 398 4242 circumitione
407 4156 472 4226 Leo
496 4155 559 4224 olin
574 4155 695 4235 urbem,
711 4163 748 4220 ut
763 4163 846 4218 esset
860 4149 1134 4256 propugnaculum

74 4253 183 4311 contra
203 4245 393 4324 Saracenos,
417 4181 513 4312 modo
535 4242 727 4313 aedificatam
746 4238 888 4306 lustravit
913 4251 947 4307 et
966 4263 1132 4308 consecra-

74 4332 126 4398 vit
152 4327 319 4401 Praeterea
339 4354 417 4400 vero
435 4331 609 4416 hominum,
630 4333 686 4422 qui
706 4329 844 4398 accusati
863 4337 961 4482 epqnt,
982 4329 1023 4418 ad
1038 4330 1143 4407 inno-*2
1165 4359 1168 4367 *

321 4569 326 4584 t

235 4670 269 4739 θ
355 4724 360 4733 ⁶
388 4728 393 4737 Ι

324 4808 327 4816 ι
