2714 4912
648 293 869 388 -*-se---¹

218 470 480 542 neomeniarum
500 469 610 559 ingens
627 467 724 559 'eopia
747 478 874 537 omnem
896 467 1053 559 pietatem,
1074 465 1302 551 stitutione,

219 557 375 632 servitutis
403 557 528 629 vincrdo
557 567 677 625 teneret
703 578 906 648 oppressam,
933 554 1087 648 plurimos
1115 578 1186 625 esse
1215 567 1303 627 ortos

217 651 401 731 haereticos,
429 650 485 738 qui
504 644 740 736 recuperandae
767 644 915 714 libertatis
943 644 1095 715 desiderio
1123 645 1303 735 flagrarent,

201 764 284 810 ‘non
301 745 357 821 est,
378 736 465 828 quod
479 738 638 804 miremur.
650 774 689 789 -
703 735 908 804 Potissimum
918 757 993 825 vero
1005 735 1217 826 Berengarius
1230 735 1301 805 Tu-

218 831 368 909 ronensis,
390 826 430 896 de
452 829 544 917 cujus
566 849 643 894 vera
671 823 812 894 doctrina
838 826 919 893 inter
946 824 1030 892 nuos
1059 822 1170 893 doctos
1197 823 1303 895 adhue

217 919 441 987 sententiarum
464 915 625 983 diversitas
647 924 703 995 est,
727 937 827 1005 quum
850 914 1002 982 omnium·
1017 911 1145 983 illorum
1164 912 1302 984 haereti·

216 1030 329 1077 eorum
351 1007 498 1098 princeps
519 1007 567 1087 sit,
590 1005 644 1107 qui
665 1013 942 1086 commemoretur,
964 1001 1164 1094 dignissimus
1185 1013 1242 1072 est

578 1274 581 1279 ’
708 1303 738 1391 §-
760 1305 811 1370 21.

283 1445 337 1532 De
359 1467 424 1536 quo
447 1443 574 1536 quidem
596 1447 663 1515 viro
687 1442 889 1531 samsona«)
912 1445 976 1520 fers
990 1465 1094 1534 usque
1109 1443 1150 1517 ad
1163 1454 1304 1518 nostram

216 1534 405 1606 memoriam
423 1533 541 1638 judicia
566 1536 649 1629 faeta
677 1543 751 1602 sunt
776 1531 971 1614 salsissime„
987 1531 1074 1622 quod
1095 1544 1128 1606 ot
1148 1535 1234 1617 lom,
1262 1557 1305 1606 ex

192 1661 194 1666 ·
218 1649 283 1716 quo
305 1646 382 1695 vera
403 1632 472 1715 epus
495 1621 635 1693 doctrina
655 1621 773 1693 hauriri
794 1632 911 1713 posset,
937 1621 1061 1704 latebat,
1088 1633 1121 1695 et
1135 1645 1197 1705 „em
1219 1647 1304 1714 quau

218 1737 259 1785 ex
282 1713 535 1802 adversariorum
555 1711 641 1782 libris
661 1723 736 1781 nora
758 1721 855 1792 crant,
875 1723 941 1782 non
963 1709 1031 1783 line
1046 1713 1193 1801 opimone
1208 1736 1301 1804 prae-

214 1802 523 1896 ptisanarum
551 1803 611 1870 scri
630 1801 753 1869 'toribus
780 1798 999 1871 tradebantur·
1023 1799 1198 1884 Exstabant
1219 1805 1303 1872 enim

217 1891 324 1963 nullae
344 1890 429 1961 illius
452 1912 568 1958 causas
672 1876 951 1977 documentaffisi
971 1889 1156 1982 Berengerii
1183 1891 1302 1980 episto·

216 1979 269 2051 lae
290 1978 332 2049 ad
351 1979 610 2067 Lernaeos)
639 1977 899 2064 Atetmannumn
927 1977 1140 2066 Ascelinuml)
1168 1979 1302 2053 Richar-

218 2069 296 2140 dum
319 2079 350 2137 et
371 2067 587 2150 conciliorum,
608 2068 723 2160 quibus
745 2070 813 2158 ejus
835 2068 940 2158 opinio
962 2070 1163 2158 rejecta'est,
1192 2067 1302 2140 decre.-

217 2170 323 2243 torum
351 2156 522 2228 nonnullae
548 2156 719 2239 formulae,
750 2167 782 2227 et
810 2155 1060 2230 adversariorum
1087 2153 1170 2238 libri,
1199 2155 1302 2229 velut:

217 2246 395 2335 Durandi0)
416 2247 458 2316 de
480 2255 614 2337 corpore
635 2257 668 2314 et
688 2245 842 2336 sanguine
864 2245 995 2317 Domini
1016 2256 1125 2315 contra
1139 2247 1302 2339 Boranga·

146 2376 148 2382 ·
217 2341 328 2439 rium,
346 2334 569 2448 lluitmundif),
596 2335 822 2438 areliepiscopi
842 2334 1004 2438 Auersani,
1032 2333 1072 2438 de
1099 2357 1156 2403 cor
1179 2337 1243 2407 oris
1274 2346 1304 2440 et

217 2421 1058 2605 ffittttiltttttll,ldlglltbllt
1075 2421 1305 2601 “irretiti

219 2604 271 2673 dsj
288 2604 418 2672 veritate
445 2624 578 2691 corpore
607 2611 639 2669 et
668 2603 821 2692 sanguine
848 2599 980 2674 Domini
1007 2601 1056 2679 ad,
1074 2601 1305 2707 Berengarium

219 2691 361 2795 epistola,
382 2690 588 2761 Lanfranci
609 2689 649 2763 de
671 2713 804 2783 corporo
832 2700 865 2766 ct
888 2691 1040 2781 sanguine
1062 2689 1195 2764 Domim
1216 2691 1305 2775 liber,

103 2789 105 2794 ’
223 2821 261 2835 -
286 2783 417 2849 minime
439 2803 516 2847 vero
534 2781 636 2870 ipsius
658 2779 841 2870 Berengarii
861 2790 970 2850 contra
984 2777 1197 2852 Lanfrancum
1213 2780 1305 2852 libel-

219 2869 280 2939 lus.
322 2869 445 2958 Itaque,
502 2869 536 2936 ui
568 2868 609 2939 de
638 2871 707 2960 ejus
734 2870 793 2939 riri
824 2870 977 2946 sententia
1003 2867 1212 2961 judicaverim
1273 2881 1307 2942 et

219 2959 246 3026 F
247 2960 409 3029 ranciscus
430 2893 614 3048 deltoyot)
636 2969 669 3027 et
690 2959 745 3048 qui
763 2980 874 3027 earum
890 2981 997 3030 rerum
1017 2960 1176 3030 acutissiur
1253 2983 1305 3029 er-

221 3057 376 3116 scrutator
402 3056 463 3128 est,
492 3046 721 3135 mabillonius)
746 3059 778 3115 et
805 3046 989 3134 Ouetnusr)
1018 3050 1073 3138 qui
1094 3051 1216 3138 primus
1238 3051 1304 3121 Be-

220 3137 356 3227 rengarii
377 3133 521 3205 defensor
533 3138 666 3217 'exstitit
688 3137 797 3225 etqui
821 3136 994 3207 litterarum
1009 3135 1207 3225 gallicarum
1233 3162 1305 3210 am·

220 3224 394 3315 piissimam
415 3223 576 3295 historiam
597 3228 856 3315 conscripserunt,
882 3223 1075 3297 Benedictini
1097 3238 1225 3322 propter
1246 3227 1305 3295 do-

89 3388 92 3414 ,
221 3325 452 3396 cumentorum,
476 3338 539 3405 qua
560 3313 791 3405 premebantur,
811 3314 967 3404 inopiam,
991 3324 1028 3382 ut
1053 3316 1305 3405 ipsumssemn·

222 3405 301 3492 garii
327 3404 497 3474 sententiae
524 3405 643 3473 fontem
671 3404 839 3494 aperirent,
872 3403 938 3471 [ieri
970 3427 1036 3475 non
1063 3407 1170 3494 potuit
1186 3404 1307 3565 hm

1208 3519 1230 3585 l

96 3499 101 3510 ‘
127 3533 130 3539 -
223 3502 330 3561 autom
341 3491 532 3584 Lessingius,
542 3495 591 3561 vir
604 3513 760 3575 summus,
774 3495 808 3563 in
826 3491 1012 3564 bibliotheca
1025 3493 1185 3584 Guolpber

223 3603 298 3649 cum
318 3579 448 3663 librum,
476 3603 573 3670 quem
594 3581 805 3673 Bersngarius
824 3593 935 3652 contra
954 3582 1167 3653 Lassirancum
1195 3596 1304 3674 posto-

221 3670 338 3739 riorem
360 3671 535 3760 scripserat,
555 3671 622 3738 fere
642 3671 799 3764 integrum
822 3670 950 3776 quidem
964 3673 1098 3754 invenit,
1126 3671 1182 3739 sed
1204 3697 1305 3763 quam

224 3760 417 3828 minutavit
439 3756 615 3840 editionem,
636 3783 701 3829 non
724 3758 861 3831 absolut
907 3761 1016 3851 Quam
1069 3761 1119 3848 pis
1140 3762 1306 3832 excuden-

223 3846 298 3917 dam
319 3871 394 3917 cum
409 3847 622 3917 Staeudlinus¹
662 3872 773 3919 curare
793 3852 961 3943 incepisset
978 3861 1009 3917 et
1054 3852 1213 3920 emseoius
1228 3877 1305 3942 per-

223 3937 364 4018 rexisset,
384 3934 620 4025 N'eanderus,¹¹¹)
642 3941 691 4006 vir
712 3963 867 4023 summus,
888 3940 926 4007 Α
940 3939 1034 4005 1834,
1057 3936 1098 4006 ad
1119 3937 1214 4008 suram
1229 3964 1304 4030 per-

223 4021 320 4093 duxit
362 4025 472 4115 ltaque
493 4050 557 4116 quo
578 4027 767 4098 luculentius
789 4033 858 4120 ejus
879 4025 1019 4095 doctrina
1046 4051 1122 4097 uera
1148 4027 1303 4118 intelliga-

223 4121 283 4192 tur,
305 4135 347 4183 ex
368 4113 429 4181 hoc
442 4115 575 4199 librorea
590 4116 778 4188 adverbum
793 4135 977 4208 proponam,
1000 4139 1082 4206 quae
1098 4116 1138 4184 ad
1146 4116 1306 4208 judicium

124 4233 127 4239 ·
219 4200 341 4292 justum
362 4204 540 4275 faciendum
560 4206 691 4273 valeant
734 4205 835 4274 Antea
856 4205 932 4274 v'ero
956 4228 1059 4298 pauca
1088 4205 1127 4274 de
1147 4207 1216 4298 ejus
1238 4211 1306 4280 viu

225 4300 257 4359 et
278 4289 478 4363 damnatione
500 4294 663 4388 mtdtipliei
685 4293 902 4367 disserendum
924 4318 996 4365 esse
1017 4318 1142 4386 censeo.
