2714 4912
380 312 699 405 ,-ιιι“-

58 491 109 560 nis
131 500 163 559 et
183 491 247 560 vini
267 490 348 560 haec
375 493 420 561 sic
446 496 532 576 es‘se,
562 491 687 559 omnino
714 491 789 561 nibil
816 493 900 564 aliud
928 502 1122 588 quamcito

58 581 175 650 Christi
195 592 227 649 et
248 606 303 648 san
348 584 373 647 is
395 593 465 673 post
491 582 757 649 consecrationem
777 585 931 654 credenda
952 598 1031 654 sunt
1073 589 1123 670 Et,

57 680 95 737 ut
121 670 289 738 mirabilius
305 605 435 761 liquor,
457 692 521 736 non
544 668 603 736 alia
624 667 731 760 plane,
759 695 853 760 quam
877 691 961 764 'quae
982 686 1054 742 nata
1076 688 1124 743 est

57 758 100 825 de
126 759 223 827 Maria
251 771 282 826 et
306 783 401 850 passa
425 760 458 824 in
486 781 594 839 cruce,
626 769 659 824 et
690 763 857 827 resurrexit
886 764 926 830 de
953 764 1124 854 sepulcro.“

59 847 156 932 Quod
178 850 204 914 si
225 852 277 917 cui
304 848 347 916 ab
369 848 455 914 initio
484 847 587 913 minus
614 847 777 938 probatur,
803 851 828 914 is
851 861 882 917 et
902 853 941 920 V.
963 863 994 919 et
1020 853 1061 919 N.
1085 855 1122 922 Τ.
1181 911 1190 929 s

58 959 79 1002 a
105 936 263 1029 prophetis
291 948 323 1005 et
350 958 369 1001 a
397 924 519 1002 Christo
553 934 634 1002 edita
660 936 811 1003 miracula
839 940 1039 1031 contemplari
1065 941 1120 1010 de-

57 1023 119 1107 bet,
139 1038 176 1094 ut
195 1029 331 1094 facinora
352 1023 430 1090 mira
451 1034 482 1090 et
502 1024 668 1114 singularia
695 1025 735 1091 ad
759 1024 923 1094 hominum
950 1028 1042 1097 fidem
1069 1031 1121 1098 [ir-

56 1114 207 1197 mandam
235 1118 373 1181 confecta
400 1136 468 1179 esse
488 1113 643 1206 intelligat
687 1113 802 1181 Omnia
822 1139 913 1197 vero,
937 1141 1018 1207 quae
1039 1122 1119 1187 mira

58 1200 168 1284 edidit,
197 1202 279 1270 hanc
306 1202 345 1270 ob
371 1224 500 1269 causam
520 1205 602 1270 sacta
623 1200 710 1284 es'se,
737 1202 976 1273 concedendum
1001 1217 1062 1288 est,
1088 1218 1130 1274 ut·

56 1289 203 1358 homines
225 1292 379 1371 ducerent,
400 1290 511 1379 „quod
538 1291 680 1359 Christus
702 1302 750 1359 est
770 1294 895 1375 veritas,
920 1296 1033 1361 veritas
1064 1318 1121 1362 au·

56 1389 125 1445 tem
145 1378 235 1446 Deus
256 1389 311 1462 est
353 1379 394 1446 Et
414 1382 442 1445 si
462 1379 555 1446 Deus
575 1381 688 1447 ueritas
716 1392 778 1463 est,
806 1382 956 1474 quidquid
979 1383 1123 1450 Christus

56 1469 198 1558 promisit
216 1468 249 1535 in
270 1467 332 1535 huc
352 1468 512 1558 mysterio,
533 1470 640 1559 utique
666 1475 779 1536 verum
805 1482 865 1552 est,
893 1482 924 1539 et
949 1472 1019 1538 ideo
1046 1496 1123 1540 vera

58 1566 109 1622 est
130 1555 243 1624 Christi
264 1580 337 1623 caro
360 1567 391 1622 et
412 1558 548 1648 sangnis,
570 1581 666 1647 quem
688 1560 741 1648 qui
761 1560 930 1626 manducat
948 1561 1041 1650 digne
1061 1562 1121 1629 ha·

56 1643 114 1712 bet
133 1647 229 1712 vitam
250 1645 408 1712 aeternam
422 1647 454 1711 in
468 1670 503 1713 se
517 1654 723 1714 manentem.“
755 1647 836 1728 „Ubi
858 1649 883 1712 si
897 1658 1027 1715 naturae
1045 1650 1122 1717 ordo

10 1811 19 1819 ν
55 1735 230 1830 requiritur2
251 1734 425 1802 succumbit
446 1737 533 1817 ratio,
555 1745 712 1802 ettamen
727 1747 834 1802 manet
847 1746 934 1803 extra
950 1735 1123 1805 humanam

54 1825 207 1891 rationem
227 1824 299 1889 facti
319 1826 442 1904 veritas,
460 1825 504 1890 ita
525 1834 561 1890 ut
580 1825 612 1891 in
633 1826 753 1892 ratione
774 1824 846 1892 fidei
870 1827 918 1892 vis
946 1825 1065 1892 deitatis
1091 1837 1124 1895 et

54 1922 193 2004 potestas
220 1911 356 1999 efficaxy
387 1913 489 1978 modis
517 1913 660 1982 onnribus
688 1914 845 1997 credatur,
881 1916 955 2004 quia
981 1915 1122 1982 dubietas
1208 1914 1210 1921 ’

54 2002 180 2082 mentis,
199 1999 272 2066 licet
291 1999 393 2067 borrae
406 2003 487 2066 vitae
504 2003 550 2082 sit,
571 2003 625 2091 qui
642 2004 760 2092 accipit,
782 2003 925 2086 excludit,
946 2028 987 2071 ne
1004 2005 1044 2072 ad
1058 2006 1121 2073 hu·
1158 2066 1161 2074 .

52 2091 105 2180 jus
127 2090 313 2157 sacramenti
332 2089 563 2180 intelligentiam
584 2092 764 2181 pertingat.“
797 2092 892 2174 Quod
914 2092 1040 2181 quidem
1061 2095 1121 2159 mi-

55 2180 142 2246 nime
169 2188 267 2261 esset,
294 2180 346 2259 „si
367 2188 475 2245 totum,
489 2178 606 2245 visibile
628 2178 723 2260 lieret,
744 2177 830 2246 nulla
851 2179 942 2261 fides,
967 2179 1054 2246 nulla
1074 2183 1122 2247 vis

56 2266 231 2358 spiritualis,
251 2266 337 2334 nulla
358 2267 418 2334 alia
438 2292 499 2349 res,
525 2291 621 2358 quam
644 2291 725 2358 quae
748 2267 846 2335 oculis
869 2279 900 2335 et
921 2271 1025 2360 gustui
1046 2268 1121 2336 sub-

52 2358 197 2446 jaceret“
231 2355 346 2446 Neque
365 2358 459 2448 igitur
480 2357 652 2448 quidquam
673 2356 765 2439 aliud,
786 2359 845 2424 nisi
865 2357 941 2424 fides
958 2358 1052 2448 hujus
1069 2381 1120 2440 sa·

56 2446 208 2520 eramenti
234 2456 378 2510 naturam
409 2447 564 2512 discernit:
593 2470 729 2528 „omnes
762 2449 846 2513 enim
877 2447 1021 2514 homines
1048 2471 1120 2538 my·
1219 2440 1228 2458 “

57 2534 216 2619 steriuml)
250 2535 422 2624 accipiunt,
454 2533 560 2601 fideles
601 2546 707 2601 autern
740 2537 880 2631 mysterii
911 2538 1119 2622 virtutem.“⁸)

59 2621 180 2707 Quae‘)
246 2621 329 2687 idem
350 2620 549 2711 „plenissime
572 2624 728 2714 accipitur,
748 2647 853 2713 neque
875 2624 914 2688 ab
932 2624 1001 2704 alio,
1025 2648 1122 2713 quam

57 2711 96 2778 ab
116 2712 186 2801 ipso
204 2646 333 2778 illhristo
356 2710 490 2802 pontifici
515 2706 694 2802 porrigitur,
720 2711 793 2778 licet
820 2711 946 2778 visibilis
975 2711 1122 2778 sacerdos

58 2801 200 2866 assistere
223 2809 256 2864 et
275 2801 403 2889 singulis
429 2801 564 2867 tribuere
591 2799 739 2881 videatur,
766 2801 853 2890 quia,
881 2799 966 2890 quod
985 2802 1043 2866 iste
1065 2824 1123 2892 per

13 2905 18 2913 “
55 2888 260 2980 ignorantiam
287 2889 430 2956 omnibus
455 2889 661 2958 indifferenter
687 2889 803 2971 tribuit,
836 2889 977 2958 Christus
1003 2891 1124 2957 virtutis

56 2977 224 3067 majestatis
247 3000 323 3044 suae
343 2980 479 3058 interius,
501 2981 552 3044 cui
573 2978 613 3044 ad
633 2978 816 3059 remedium,
844 2981 958 3069 cuique
980 2978 1020 3046 ad
1038 2980 1121 3068 judi-

10 3067 16 3088 '
58 3069 143 3134 'cium
163 3065 322 3148 tribuatur,
343 3066 521 3134 discernit“
562 3067 653 3150 „sed
681 3069 754 3158 quia
782 3067 924 3135 Christus
950 3068 1054 3134 vorari
1074 3069 1122 3133 [as

57 3155 199 3224 dentibus
219 3179 284 3222 non
306 3166 362 3238 est,
374 3155 482 3228 ,voluit
501 3157 533 3223 in
555 3157 701 3246 mysterio
724 3156 809 3223 hunc
829 3180 943 3247 panem
966 3166 997 3221 et
1012 3157 1122 3222 vinum

56 3248 165 3312 v'eram
187 3266 312 3310 carnem
333 3268 425 3312 suam
446 3247 677 3312 consecratione
698 3247 822 3336 spiritns
850 3245 947 3310 sancti
967 3246 1120 3334 potentia-

57 3329 124 3400 liter
144 3334 243 3399 creari
251 3357 274 3407 ι,
287 3333 420 3400 creando
442 3358 519 3400 vero
543 3333 679 3422 quotidie
700 3333 888 3425 pro-mundi
908 3316 970 3399 vita
991 3335 1123 3421 mystice

56 3418 226 3502 immolari,
252 3430 288 3487 ut
309 3423 390 3487 sicut
413 3422 452 3488 de
472 3423 601 3512 Virgine
623 3445 679 3512 per
699 3419 841 3513 spiritum
862 3444 938 3487 vera
959 3444 1031 3487 caro
1055 3422 1123 3487 sine

57 3512 141 3579 coitu
163 3520 310 3583 creature
326 3511 368 3576 ita
396 3534 453 3600 per
478 3510 614 3576 eundem
641 3533 681 3576 ex
708 3509 876 3576 substantia
897 3509 985 3600 panis
1007 3509 1130 3577 etvini.
1225 3512 1234 3533 ⁹

56 3600 188 3688 mystice
198 3599 282 3665 idem
294 3598 408 3666 Christi
418 3622 533 3689 corpus
544 3609 575 3680 et
586 3599 711 3688 sanguis
726 3606 950 3678 consecretur,“
970 3597 1121 3684 „Undesy

57 3690 132 3778 quia
152 3689 319 3777 mysticum
340 3698 390 3756 est
408 3698 647 3770 sacramentum,
668 3711 728 3754 nee
748 3686 880 3778 liguram
900 3683 984 3752 illam
1005 3710 1121 3778 negare

21 3810 24 3823 =
55 3798 244 3868 possumus3
270 3778 371 3844 omnis
396 3778 480 3843 enim
506 3775 606 3867 figura
633 3775 763 3866 alicujus
794 3777 839 3843 rei
865 3774 965 3866 figura
998 3787 1058 3857 est,
1090 3785 1123 3840 et

57 3886 185 3954 semper
205 3864 244 3931 ad
265 3889 336 3932 eam
357 3868 496 3947 refertur,
516 3875 551 3931 ut
574 3866 612 3930 sit
632 3888 682 3933 res
703 3887 793 3946 vera,
819 3866 909 3954 cujus
935 3864 1034 3956 figura
1066 3873 1123 3928 est

57 3953 182 4021 Veritas
203 3954 356 4032 est'dum
377 3978 493 4046 corpus
515 3954 630 4021 Christi
651 3963 682 4020 et
702 3955 827 4046 sanguis
854 3955 965 4020 virtute
998 3954 1122 4042 spiritus

57 4041 91 4110 in
117 4040 212 4110 verbo
239 4042 337 4131 ipsius
364 4067 404 4110 cx
432 4045 520 4136 panis
546 4043 673 4133 vinique
700 4042 869 4111 substantia
889 4042 1024 4110 efficitur.
1066 4040 1120 4106 Fi-

58 4154 138 4222 gura
164 4154 239 4198 vero
267 4130 344 4197 dum
371 4133 516 4201 sacerdos
546 4133 636 4222 quasi
663 4131 745 4199 aliud
772 4133 906 4198 exterius
928 4152 1051 4219 gerens,
1079 4129 1119 4197 ob

55 4218 303 4288 recordationem
325 4241 431 4287 sacrae
451 4222 602 4311 passionis
624 4220 663 4287 ad
685 4244 788 4301 aram,
817 4219 901 4309 quod
927 4217 1025 4284 semel
1046 4243 1118 4310 ges-

57 4319 135 4378 tum'
149 4320 205 4392 est,
225 4307 362 4402 quotidie
381 4307 522 4377 immolat
541 4318 686 4403 agnum.“
718 4311 818 4398 Cujus
837 4307 882 4375 rei
894 4307 1005 4398 jamin
1019 4305 1119 4377 Istae·-
