2714 4912
513 310 739 372 „s-

86 475 213 536 sunexit3
230 479 331 532 propter
347 473 530 522 emitituutnem
548 473 613 520 enim
630 473 683 520 dies
700 475 742 522 itte
760 477 786 522 id
804 487 863 523 esse
881 478 978 539 dicitur,
997 481 1062 533 quoi
1080 486 1162 529 tomen
1243 502 1246 508 ¹
1329 512 1336 523 .

84 560 137 596 non
154 553 219 595 est,
240 551 271 594 titt
288 545 534 607 pestessuptungit:
557 555 639 589 nonne
657 545 770 594 cbristus
788 552 866 596 semei
888 553 988 598 obtutus
1006 557 1057 611 est,
1081 558 1106 599 et
1123 560 1163 600 to·

85 631 144 667 rnen
162 619 187 665 in
204 621 358 665 recremento
378 617 487 673 quotidie
506 613 606 671 populis
623 613 782 663 immolaturi
811 623 863 666 Nee
885 623 1016 682 mentitur,
1042 624 1084 679 qui
1106 625 1165 672 dicit

84 690 212 737 christum
228 688 358 735 immolari.
394 687 421 735 si
444 686 510 731 enim
533 690 690 732 sacramenta
710 699 761 733 non
777 691 894 736 botterent
917 692 1100 741 similitudinem
1117 706 1162 742 ett-

85 772 142 808 rum
160 771 248 819 rerum,
268 768 374 814 querum
392 762 451 804 sunt
468 761 633 815 sacramente,
651 759 720 803 nulio
737 759 808 805 moto
826 767 911 808 essent
929 771 1101 824 sacrementn;
1118 768 1163 814 sed

85 843 123 880 ex
144 830 303 879 similitudine
319 841 399 884 sneoe
418 827 519 874 nomine
535 837 621 873 eurum
638 829 773 884 accipiunt.

158 900 184 962 ti)
206 898 518 957 connumeremini,
536 918 571 928 -
589 909 655 952 ouee
673 910 705 946 es
722 900 816 961 forme,
834 912 884 955 que
901 915 966 951 nuuc
983 908 1095 966 nubetur,
1114 921 1164 956 non

86 977 119 1021 eb
136 978 166 1020 eo
185 972 328 1028 conscripta
346 981 405 1017 erse
423 969 535 1015 vitientur
560 990 594 999 -
617 971 685 1025 opud
705 971 859 1017 Aoeemanni
877 973 935 1019 cod.
953 976 1035 1032 liturg.
1054 977 1097 1024 lib.
1116 979 1162 1028 tv.

84 1055 147 1101 pers
164 1047 209 1092 111.
228 1056 254 1100 p.
273 1045 317 1088 32.
336 1040 463 1101 „iiemotis
481 1041 708 1087 obumbrationibus
733 1043 872 1088 carnutium
889 1044 1044 1095 victimarum
1060 1050 1162 1105 spirite-

84 1117 135 1162 iem
152 1116 217 1173 ribi,
235 1124 330 1161 summe
348 1117 425 1168 pater,
442 1111 550 1158 bostium
568 1111 717 1171 deferimus,
741 1123 808 1167 uuae
830 1113 891 1160 miro
910 1121 935 1161 et
952 1116 1088 1166 inneffabiii
1104 1133 1161 1177 my-

84 1187 163 1234 sterio
182 1192 207 1232 et
224 1187 364 1231 immoletur
380 1194 485 1242 semper,
504 1188 528 1229 et
549 1183 637 1230 eodem
648 1195 748 1239 semper
761 1183 870 1246 offertur,
889 1187 1031 1242 pariterque
1046 1197 1071 1236 et
1084 1192 1161 1239 devo-

21 1307 34 1317 ,
84 1261 168 1303 torum
190 1265 280 1302 munus
302 1259 326 1300 et
349 1254 532 1300 remunerantis
557 1259 595 1300 est
618 1255 761 1310 proemium.
804 1257 837 1304 V.
856 1259 985 1305 sinendiin
1007 1263 1033 1306 ll.
1057 1272 1082 1317 p.
1102 1264 1162 1310 332.

84 1327 336 1385 ussermannus.
354 1337 379 1386 p.
398 1322 462 1373 stt.
497 1325 601 1373 cherum.
620 1335 702 1372 exem.
720 1328 745 1382 o:
763 1324 824 1372 ³5⁰.

175 1615 261 1700 Quin
284 1618 380 1685 etiam
402 1640 443 1686 ne
466 1640 515 1701 ea,
590 1640 628 1685 ae
651 1615 692 1685 ad
713 1616 778 1684 Dei
797 1620 877 1686 iram
897 1617 1077 1689 leniendam
1097 1623 1164 1694 lieri

82 1702 199 1772 debere
226 1707 497 1788 existimavemnt‚
534 1640 654 1776 aspum
675 1717 826 1790 mortuos,
856 1710 910 1800 qui
936 1711 1071 1793 insuti,
1100 1737 1163 1803 qua

81 1791 168 1862 mala
187 1795 333 1877 tulerant,
362 1798 459 1864 animi
480 1798 628 1886 patientia
651 1796 736 1884 apud
758 1819 870 1864 omnes
896 1735 1043 1868 veredam
1063 1799 1161 1890 pluri·

81 1906 182 1966 mum,
204 1907 330 1952 summa
351 1888 538 1954 reverentia·
550 1897 582 1954 et
603 1888 726 1975 pietate,
795 1910 814 1954 a
836 1909 855 1953 a
874 1887 1058 1967 Christianis
1074 1913 1160 1958 mar-

80 1981 168 2062 tyres
190 1972 387 2040 cultosesse
409 1974 670 2063 supradiximus,
692 1997 734 2064 pa
781 1976 856 2042 atim
875 1979 1074 2062 referrentur,
1095 1990 1162 2049 tam

79 2059 161 2128 nihil
181 2060 350 2148 prohibere
372 2061 568 2146 studuerunt,
590 2074 626 2131 ut
647 2064 838 2132 orationibus
859 2075 892 2132 et
911 2064 1068 2150 laudibus,
1134 2073 1160 2122 '-

79 2148 142 2217 bus
163 2148 287 2218 divinae
308 2153 501 2220 constantiae
517 2154 601 2220 viros
618 2153 728 2220 eiierre
744 2165 985 2242 consueverunt,
1006 2093 1163 2246 populdlm

80 2241 213 2308 minime
240 2240 375 2307 invitum
412 2239 451 2308 ad
483 2242 671 2310 memoriam
704 2239 919 2309 renovandam
954 2246 1170 2333 cursitarent.·)¹

80 2325 209 2396 Etenim
242 2351 318 2396 cum
352 2352 393 2397 ex
426 2328 544 2398 ultimis
577 2328 784 2398 christianiae
817 2332 928 2399 aetatis
965 2334 1162 2423 temporibus

80 2419 200 2484 summi
221 2419 410 2507 martyribus
431 2418 569 2488 bonores
589 2418 818 2505 haberentur,l’)
847 2422 890 2489 ita
911 2432 946 2488 ut
967 2424 1106 2512 primum
1127 2427 1161 2494 in

79 2505 92 2572 i
115 2506 158 2574 sis
180 2504 343 2663 sepulcris,
366 2507 447 2595 (Vid
470 2515 576 2598 supra)
599 2507 707 2575 lideles
720 2513 1005 2601 congregarentur,
1025 2514 1160 2582 verbum

115 2597 147 2663 ei
166 2605 214 2663 tre
236 2607 355 2678 eretur,
385 2599 502 2671 sensim
530 2621 607 2666 veru
630 2608 841 2679 sacramenta,
868 2602 1069 2688 potissimum
1090 2603 1158 2669 Eu·
1199 2684 1201 2687 Ι

80 2681 229 2751 charistia
255 2683 526 2755 distribuerentur:
562 2685 630 2753 lieri
655 2708 720 2753 non
747 2689 862 2775 potuit,
891 2690 981 2776 quin,
1010 2712 1094 2778 quae
1120 2691 1161 2757 de
1242 2751 1249 2766 ,

80 2771 193 2841 corum
224 2776 447 2859 intercessione
485 2786 518 2844 et
553 2799 610 2856 ea,
666 2797 707 2842 ua
744 2773 831 2863 apud
856 2774 966 2842 Deum
997 2775 1161 2866 pollerent,

80 2863 266 2929 auctoritate
281 2876 461 2932 commenta
476 2875 573 2947 erant,
592 2861 632 2930 ud
644 2797 819 2932 doctrinam
834 2865 990 2932 sinceram
1004 2864 1044 2933 de
1059 2889 1159 2936 coena

80 2972 171 3018 sacra
193 2949 429 3041 depravandam
443 2954 509 3022 vim
529 2953 682 3021 haberent
695 2954 875 3020 maximam.
896 2953 984 3034 Nam
1001 2957 1059 3023 etsi
1072 2956 1158 3046 apud

80 3040 330 3130 Augustinum,⁰)
354 3065 452 3132 quem
474 3065 585 3109 earum
606 3044 799 3132 opinionum,
822 3066 906 3133 quae
927 3053 1000 3110 autc
1014 3055 1160 3135 tempora

69 3130 227 3220 ‚Gregorii
243 3133 360 3223 smagni
387 3133 589 3214 exstiterunt,
624 3154 787 3198 summum
814 3141 976 3200 auctorem
1004 3130 1159 3218 ducimus,

79 3217 186 3286 nullus
206 3217 359 3287 librorum
380 3222 557 3289 inveniatur
577 3220 682 3304 locuS,
704 3222 758 3310 qui
780 3244 855 3288 cum
875 3221 1028 3289 inferioris
1050 3226 1159 3291 aetatis

79 3305 245 3376 doctorum
266 3307 497 3398 pontificiorum
520 3312 679 3378 sententiis
697 3311 825 3377 omnino
842 3311 1028 3377 consentiet:
1051 3320 1158 3391 tumtur

79 3398 202 3486 etipse
223 3393 380 3485 fiduciam
403 3423 500 3488 quam
521 3399 689 3467 Christiani
704 3400 738 3464 in
759 3408 934 3486 martyrum
948 3399 1066 3465 meritis
1080 3421 1155 3488 pre·
1243 3445 1248 3455 ·

77 3486 233 3575 cibusque
255 3483 420 3568 collocent,
441 3489 571 3554 minime
591 3485 748 3578 improbat
769 3496 802 3552 et
817 3485 856 3553 de
872 3485 1001 3553 illorum
1020 3509 1155 3557 consue-

77 3574 187 3642 tudine
208 3572 309 3641 mrrlta
329 3577 597 3664 commemoraui)
621 3598 703 3666 quae
721 3572 874 3642 ecclesiae
889 3573 1061 3645 catholicae
1077 3581 1154 3646 mis-

77 3685 187 3731 surum
208 3665 242 3730 in
263 3674 445 3733 sauctorum
466 3663 621 3733 honorem
641 3662 858 3732 habendarum
880 3665 1000 3732 semina
1016 3666 1165 3755 putanda·

77 3753 148 3820 sint
189 3751 341 3844 Namque
363 3776 546 3844 quanquam
568 3755 779 3821 certissimum
807 3763 864 3835 est,
886 3752 925 3820 ab
946 3755 1032 3824 initio
1057 3755 1153 3823 Chri-

77 3841 197 3910 stianos
216 3844 337 3931 pietati,
360 3866 424 3934 qua
438 3844 639 3998 precationes
658 3847 809 3925 facerent,
838 3854 873 3910 et
889 3841 1112 3912 beneficiorum
1134 3867 1154 3912 a

79 3929 267 4018 martyribus
287 3934 321 4000 in
343 3956 378 4000 se
399 3930 447 4001 co'
463 3942 587 3999 aterum
608 3932 781 4009 memoriae
801 3931 973 4021 plurimum
999 3932 1153 4017 tribuisse,

79 4016 290 4101 nihilominus,
310 4032 454 4112 tempore
473 4019 673 4111 procedente,
694 4018 861 4089 voluntatis
876 4024 995 4088 ratione
1011 4044 1075 4087 non
1092 4020 1151 4091 ba·

79 4107 151 4189 bita,
171 4108 248 4197 ipsis
268 4110 413 4197 precibus
435 4121 468 4177 et
490 4109 711 4191 oblationibus,
733 4111 761 4176 si
780 4109 907 4178 illorum
928 4112 1068 4177 savorem
1095 4113 1154 4180 sibi

79 4195 271 4287 colligerent,
291 4196 343 4263 vel
358 4203 494 4266 maxime
511 4201 652 4291 adjuvari
669 4221 763 4289 posse
774 4202 903 4280 animas,
910 4201 977 4288 jam
988 4197 1153 4291 Augustini

80 4295 182 4356 aetate
203 4284 373 4378 plerosque
399 4290 574 4379 putavisse,
602 4291 697 4360 tremo
727 4298 790 4369 cst,
817 4289 872 4378 qui
899 4283 1050 4358 infitietur.
1071 4299 1075 4303 ’
1094 4290 1151 4358 Est
