2714 4912
569 377 790 444 ...97-

136 544 203 615 lll.
258 544 399 616 PANlS
432 541 762 616 FERMENTATI
793 544 933 626 USUS,
962 544 1047 618 CUI
1072 545 1215 618 NIMIS
1249 532 1253 540 ¹

369 650 591 722 MULTUM
618 651 986 724 TRIBUEBATUR.

172 764 447 833 (concaararro
465 764 667 822 accensum
685 766 855 823 oannem
873 766 922 824 m
939 766 1115 825 nouenae
1133 767 1184 826 nr
1208 722 1211 730 ’
1301 732 1312 757 ²

185 878 187 882 .
334 836 408 894 usu
427 836 534 894 ranis
552 837 663 893 narni
682 837 759 895 nur
776 835 1031 909 raananran.)

621 943 650 1027 s.
680 945 732 1009 33.

216 1067 308 1135 'Abro
332 1077 382 1133 ato
439 1088 498 1133 ane
530 1067 731 1147 fermentato,
766 1088 916 1154 azymum
953 1066 987 1134 in
1020 1064 1216 1144 Eucharistia

135 1089 347 1224 distribuenda
379 1088 590 1223 adliibendum
619 1153 753 1222 ecclesia
781 1155 927 1223 Romana
954 1165 986 1222 et
1012 1154 1150 1225 decrevit
1185 1167 1217 1227 et

136 1256 289 1335 tanquam
324 1267 344 1310 a
371 1243 496 1313 Christo
528 1253 559 1310 et
592 1243 741 1334 apostolis
773 1255 962 1335 usurpatum
995 1245 1029 1312 in
1064 1244 1217 1313 Graeca

139 1357 267 1424 quoque
293 1331 427 1401 ecclesia
454 1330 579 1400 comedi
609 1335 708 1422 jussit
742 1372 786 1384 -
821 1333 928 1417 Quam
963 1330 1003 1400 ob
1036 1354 1105 1399 rem
1140 1356 1216 1402 cum

138 1424 199 1489 'am
227 1419 332 1489 multis
359 1421 427 1488 aliis
459 1420 499 1487 de
536 1423 640 1488 causis
672 1423 850 1489 inimicitiae
880 1420 1108 1490 intercederem
1135 1424 1215 1489 inter

132 1446 263 1579 latinos
296 1521 328 1577 et
362 1511 519 1591 Graecos,
560 1519 629 1576 tum
657 1508 697 1576 de
732 1532 770 1576 ea
797 1535 831 1577 re
854 1512 1052 1601 potissimum
1073 1510 1215 1601 epistola,

135 1622 234 1688 quam
255 1597 391 1667 Michae'l
413 1596 613 1666 Caerularius
642 1598 736 1665 dabat
764 1598 805 1665 ad
831 1601 988 1666 loannem
1018 1599 1216 1667 Trancnsem
1264 1660 1268 1665 .

134 1689 171 1756 A.
195 1687 290 1755 1054.
313 1690 450 1754 maxima
473 1687 624 1757 dissensio
647 1698 756 1755 exorta
778 1698 831 1755 est.
875 1687 973 1755 Erant
995 1697 1116 1768 autem,
1144 1690 1214 1776 qui-

134 1776 194 1844 bus
216 1774 350 1844 Michael
370 1777 546 1844 fermentati
567 1778 658 1867 panis
680 1798 776 1842 usum
790 1776 978 1858 defenderet,
1000 1777 1136 1844 rationes
1149 1781 1215 1844 fere

134 1863 212 1932 hae:
244 1869 274 1944 l,
296 1866 401 1947 „Quia
424 1888 537 1952 azyma
558 1863 681 1932 comedi
701 1864 841 1933 Judaeos
855 1865 961 1933 Moses
980 1867 1085 1954 Jussit:
1109 1876 1216 1933 noster

135 1975 211 2020 vero
234 1954 324 2044 panis
347 1952 490 2020 Christus
513 1963 567 2018 est.
612 1957 644 2033 2,
665 1954 770 2036 „Quia
792 1953 935 2022 Christus
956 1956 988 2022 in
1009 1977 1110 2021 coena
1133 1954 1216 2037 dixit,

138 2066 173 2110 se
196 2064 317 2108 novum
338 2050 561 2108 testamentum
575 2042 762 2110 instituerer
796 2047 827 2121 3,
850 2044 953 2127 „Quia
968 2043 1054 2109 inN.
1067 2043 1105 2110 Τ.
1116 2042 1215 2110 habe·

134 2141 187 2198 tur
207 2128 400 2199 vocabulum
422 2128 531 2210 &prom
554 2128 650 2211 ἄρτος
671 2140 779 2197 autem
792 2130 877 2202 idem
898 2141 953 2212 est,
977 2129 1063 2218 quod
1084 2131 1214 2200 eleva-

135 2231 198 2286 tus
226 2229 257 2286 et
285 2242 442 2286 sursum
471 2217 669 2309 portatus:
698 2242 811 2307 azyma
833 2230 938 2288 autern
967 2217 1043 2286 nihil
1064 2217 1216 2288 distenta

134 2307 247 2399 lapide,
268 2309 336 2377 sine
358 2310 491 2375 animo.“
513 2311 544 2389 ll,
576 2307 682 2392 „Quia
704 2331 739 2374 aa
797 2331 815 2373 a
837 2307 993 2375 malorum
1009 2319 1040 2375 et
1053 2306 1215 2376 calamita·

134 2407 203 2464 tum
218 2407 291 2465 sunt
305 2396 457 2484 symbola,
479 2408 622 2466 nostrum
642 2421 719 2465 vero
734 2331 859 2466 illicne
881 2398 1033 2489 gaudium
1056 2408 1087 2464 et
1096 2395 1216 2466 laetitia

136 2494 210 2554 est.“
230 2486 275 2568 ’5,
297 2484 460 2566 „Christus
474 2485 564 2555 dixit:
587 2509 647 2552 vos
668 2489 742 2554 estis
764 2486 941 2569 salterrae,
962 2485 1062 2553 simile
1080 2497 1128 2553 est
1141 2510 1215 2578 reg-

136 2597 214 2642 num
236 2574 316 2642 coeli
338 2577 519 2643 fermenne
564 2579 595 2656 6,
616 2574 802 2656 ,ffranslato
825 2576 997 2642 sacerdotio
1020 2578 1115 2642 etiarn
1136 2575 1166 2642 le
1190 2580 1197 2591 '

134 2662 291 2732 translatio
313 2667 395 2732 iacta
416 2674 479 2744 est,
509 2686 583 2755 ergo
611 2686 723 2752 azyma
745 2662 874 2730 ludaeis
901 2674 975 2731 sunt
1001 2599 1217 2751 permittendi

135 2755 167 2834 7,
190 2752 354 2835 „Christus
376 2755 532 2843 accipiens
555 2775 686 2844 panem:
715 2751 777 2818 hoc
798 2753 902 2834 facite,
924 2755 1032 2841 inquit,
1054 2753 1086 2818 in
1109 2775 1216 2819 meam

135 2843 476 2909 commemorationem·
521 2843 641 2929 Aayma
663 2851 769 2910 autem
797 2865 902 2930 neque
923 2842 1041 2909 domini
1067 2840 1215 2909 recorda·

134 2932 253 2999 tionem
281 2934 416 2999 excitare
450 2941 597 3020 possunt,
630 2953 736 3019 neque
762 2933 829 3021 ejus
858 2932 994 2998 mortem
1022 2933 1217 3012 annuntiare,

84 3053 87 3062 ·
135 3021 210 3108 quia
232 3019 273 3088 ad
293 3023 371 3088 ritus
392 3022 550 3089 mosaicos
571 3021 751 3107 pertinent“
772 3058 816 3068 —
840 3019 933 3103 Quae
954 3031 1140 3110 argumenta
1158 3021 1217 3086 etsi

134 3107 263 3177 ridenda
285 3109 376 3177 nobis
392 3133 502 3199 ,neque
524 3107 620 3177 ullius
642 3110 794 3176 momenti
816 3131 886 3176 esse
907 3109 1081 3189 videantur,
1108 3118 1216 3177 tamen

134 3207 297 3284 tantopere
323 3198 542 3266 Romanorum
574 3199 696 3265 animos
731 3208 986 3277 commoverunt,
1019 3206 1056 3264 ut
1084 3207 1115 3263 et
1145 3199 1216 3285 ipse

135 3285 202 3354 Leo
223 3285 279 3353 IX.
303 3311 384 3377 papa
406 3286 618 3378 responderet,
640 3297 671 3353 et
692 3287 887 3353 Humbertus
914 3284 1078 3352 cardinalis
1099 3284 1215 3352 librum

136 3384 349 3465 componeret,
372 3378 425 3464 qui
445 3376 636 3444 inscribitur:
658 3374 835 3465 Responsio
850 3378 947 3441 instar
962 3373 1076 3465 dialogi
1091 3375 1214 3464 abipso

135 3463 246 3531 Latine
276 3466 450 3554 conscripta
478 3476 509 3531 et
533 3466 626 3555 jussu
657 3465 852 3554 imperatoris
880 3463 1215 3553 Constantinopolitani

135 3575 248 3644 graece
264 3551 352 3619 edita.
385 3552 415 3619 Is
437 3555 521 3620 enirn
542 3563 651 3643 negat:
676 3558 706 3633 1,
727 3552 909 3634 „Romanos
923 3552 1120 3619 ludaeorum
1141 3576 1215 3620 con·

136 3640 334 3708 suetudinem
357 3645 456 3732 sequi,
480 3643 534 3733 qui
554 3644 647 3732 pn’mi
668 3644 786 3708 mensis
808 3641 857 3708 die
869 3639 957 3708 XIV.
980 3663 1092 3729 azyma
1107 3665 1213 3709 come·

137 3728 225 3809 dant;
244 3729 313 3797 illos
337 3741 452 3812 autem,
475 3732 596 3820 quoties
611 3729 807 3796 Eucharistia
827 3732 976 3810 fruantur,
999 3732 1116 3819 azymis
1132 3753 1212 3818 quo-

137 3840 200 3907 que
220 3821 307 3885 frui.“
340 3824 371 3901 2,
392 3819 578 3901 „Rationem
601 3819 639 3884 ab
663 3820 864 3909 originatione
886 3818 1032 3885 vocabuli
1046 3817 1147 3898 ἄρτου
1162 3840 1213 3883 re·

135 3907 264 3996 petitam
284 3909 424 3998 ineptam
446 3931 525 3989 esse,
547 3906 738 3975 vocabulum
761 3910 844 3996 enim
865 3909 953 3997 panis
971 3931 1028 3998 pro
1050 3929 1162 3996 azymo
1183 3917 1215 3973 et

136 3999 320 4063 fermentato
348 3996 457 4063 haberi
483 3999 516 4064 in
535 3995 576 4062 N.
599 3996 656 4063 '1¹5‘
700 4001 731 4077 3,
754 3998 929 4086 „Aaymum
958 4018 976 4060 a
997 3994 1122 4063 Christo
1144 3997 1214 4084 ipso

136 4083 368 4153 comedendum
396 4085 542 4153 traditum
565 4108 636 4153 esse
664 4084 837 4176 discipulis,
861 4107 935 4153 curn
958 4082 1008 4149 die
1026 4086 1122 4165 festo,
1151 4106 1214 4173 quo

136 4172 261 4242 Pascha
277 4171 426 4241 celebrari
442 4175 531 4241 solita
544 4177 592 4256 sit,
614 4197 713 4242 coena
728 4197 818 4241 sacra
832 4174 969 4240 instituta
984 4173 1049 4238 sit“
1072 4176 1102 4253 l,
1117 4172 1213 4254 „Fer-

137 4272 279 4330 mentum
290 4285 361 4329 esse
376 4264 496 4345 vitium,
514 4267 587 4352 quia
601 4262 654 4331 liat
665 4286 705 4332 ex
715 4263 854 4330 faecibus
865 4262 1042 4329 cerevisiae.
1065 4263 1216 4345 („Cavete

138 4373 157 4416 a
177 4353 329 4419 fermento
345 4350 647 4439 Pharisaeorumcr‘
675 4354 707 4433 5,
728 4349 1065 4440 „Hierosolymitanam
1088 4372 1216 4441 quoque
1335 4436 1339 4444 x

188 4441 302 4496 neuter,
316 4441 344 4483 de
356 4441 472 4491 enehuiet.
