2714 4912
649 318 869 385 ...48-

219 499 281 546 cus
297 497 394 568 saepe
415 469 525 543 allatus
544 473 578 542 in
598 481 732 542 numero
755 494 866 542 eorum
887 473 1062 559 haberetur,
1089 476 1128 544 in
1150 472 1300 566 quibus

219 568 406 657 magister
433 587 507 633 non
535 563 751 639 tenebatur.
792 562 902 653 Itaque
923 567 956 631 in
977 588 1102 633 murem
1124 574 1180 632 aut
1201 564 1300 636 aliam

219 678 317 746 quarn
331 652 502 735 bestiolam,
524 675 606 743 quae
619 652 753 719 hostiam
768 664 982 720 consecratam
997 656 1142 723 arrodere
1156 654 1300 741 auderet,

218 756 256 817 ,ut
266 746 370 812 omnia
379 740 526 832 exempla
536 745 755 830 cruciatusque
766 741 940 823 ederentur,
950 747 1153 811 constitutum
1162 753 1218 810 est
1235 745 1300 819 ,sie

219 836 305 902 enim
325 833 438 923 legitur
460 830 544 921 apud
562 828 798 918 Durandum2¹¹)
821 832 858 899 Si
877 833 1014 899 custodis
1035 832 1224 924 negligentia
1244 835 1298 900 in·

151 944 155 952 ·
218 925 345 992 curiave
367 948 387 988 a
407 922 549 988 muribus
575 930 629 987 aut
649 920 809 986 vermibus
831 919 961 1011 aliisque
981 921 1014 988 id
1035 946 1136 1014 genus
1157 920 1300 999 bestiolis

218 1035 347 1080 erasum
368 1009 592 1078 sanctificatum
613 1007 788 1076 crustulum
810 1019 864 1076 aut
885 1034 1017 1077 exesum
1038 1013 1142 1092 luerit,
1170 1033 1208 1076 ac
1237 1009 1298 1078 de·

98 1115 101 1119 ’
217 1099 369 1193 prehendi
388 1097 518 1166 bestiola
544 1099 672 1188 poterit,
702 1121 783 1188 quae
804 1099 910 1189 ipsum
939 1102 1084 1166 arroserit
1109 1099 1298 1183 exederitve,

218 1213 333 1279 corpus
354 1190 452 1279 ipsius
473 1186 674 1269 incaedunto,
701 1189 818 1254 incisae
853 1185 1003 1255 bestiolae
1035 1213 1090 1257 ore
1119 1199 1149 1255 et
1174 1190 1296 1255 intesti-

218 1282 267 1346 nis
294 1279 454 1369 diligenter
476 1275 655 1366 exploratio,
677 1275 703 1342 si
726 1300 808 1365 quae
828 1277 1027 1343 inveniantur
1048 1276 1108 1344 cibi
1134 1276 1296 1366 reliquiae,

219 1391 338 1457 easque
360 1364 559 1447 extrahunto,
586 1374 739 1432 extractas
766 1368 881 1454 pariter
913 1364 1061 1454 reliquias
1088 1365 1296 1458 recolligunto

218 1467 251 1524 et
274 1459 307 1523 in
334 1457 506 1522 sacrarium
539 1477 614 1520 cum
649 1464 760 1521 exusto
792 1453 942 1522 bestiolae
966 1457 1070 1521 cinere
1090 1465 1296 1546 reponunto.“

217 1545 339 1634 Petrus
354 1568 429 1632 vero
458 1543 497 1610 de
523 1541 670 1611 Paludes
689 1567 775 1624 mus,
803 1544 923 1634 inquit,
945 1545 1119 1611 exenterati
1145 1549 1193 1630 (et
1218 1567 1294 1611 mus

218 1634 346 1724 quidem
368 1632 512 1701 comburi
537 1642 568 1699 et
589 1633 666 1698 cinis
687 1633 719 1698 in
746 1634 898 1722 piscinam
920 1635 1059 1724 projici),
1087 1656 1160 1722 pars
1186 1644 1294 1701 autem

216 1723 347 1805 hostiae,
368 1725 394 1789 si
415 1722 511 1789 homo
535 1745 610 1789 eum
632 1721 739 1788 horret
758 1744 897 1803 sumere,
926 1721 1018 1789 debet
1038 1722 1070 1788 in
1090 1721 1293 1791 tabernaculo

215 1822 397 1882 reverenter
418 1813 493 1902 poni
514 1820 632 1878 ettam
657 1809 710 1876 diu
733 1809 776 1876 ibi
801 1809 922 1892 dimitti,
951 1835 1118 1901 quousque
1143 1811 1293 1878 naturali·

217 1913 266 1970 ter
295 1910 507 1968 consumatur.
549 1897 627 1990 lpsa,
649 1909 757 1965 autem
783 1897 886 1967 hostia
911 1923 1016 1991 nequa
1062 1923 1114 1968 am
1139 1901 1171 1968 in
1199 1902 1293 1991 pisci-

215 2013 292 2059 nam
315 1988 407 2056 debet
432 1988 553 2079 projici:
583 1989 663 2055 sicut
683 1988 909 2077 lecitquidam
938 2010 1084 2057 soceros
1115 1987 1155 2056 de
1181 2011 1294 2058 musca

215 2090 340 2169 reperta
371 2088 444 2169 post
477 2080 744 2149 consecrationem
777 2078 811 2144 in
839 2078 943 2146 calice.
995 2077 1043 2145 Et
1070 2077 1103 2144 si
1136 2078 1293 2168 quidem

216 2166 330 2237 homo
354 2176 462 2235 esset
483 2169 585 2235 tanti
612 2167 800 2248 serveria,
831 2166 934 2257 quod
962 2165 1189 2258 hujusmodi
1216 2190 1292 2236 non

215 2257 408 2340 horreret,
431 2256 499 2324 sed
520 2264 709 2337 sumeret,
732 2254 1065 2323 commendandus
1088 2267 1195 2324 esset
1217 2263 1292 2325 ect.“

214 2346 333 2438 Neque
353 2345 437 2413 unde
460 2346 642 2414 exsisterent
660 2343 704 2411 illi
720 2367 854 2425 vermes,
876 2346 931 2435 qui
946 2346 979 2412 in
994 2344 1190 2412 Eucharistia
1208 2346 1293 2438 gigni

216 2435 326 2516 solent,
348 2437 422 2501 satis
442 2431 661 2500 intellexerunt
681 2431 865 2500 scholastici
906 2431 966 2500 Alii
995 2440 1068 2501 ae're
1093 2436 1292 2517 circumfuso,

215 2523 269 2593 alii
287 2525 357 2614 ipsa
378 2523 467 2613 panis
484 2521 655 2589 substantia
671 2544 726 2589 eos
743 2520 798 2602 ali;
821 2521 963 2590 Thomas
973 2524 1112 2615 Aquinas
1130 2546 1171 2590 ex
1233 2547 1291 2591 an·

214 2615 300 2682 titate
321 2612 495 2680 dimensiva
516 2635 573 2702 per
594 2610 784 2678 miraculum
804 2611 837 2678 id
859 2610 924 2678 lieri
941 2613 1086 2701 opinatus
1102 2623 1158 2678 est
1188 2548 1290 2680 hiae·
1318 2632 1320 2641 ’

214 2713 301 2772 terea
321 2705 358 2770 in
374 2713 542 2792 utramque
564 2711 686 2789 partem
709 2699 951 2791 disputaverunt,
972 2711 1079 2767 utrum
1102 2701 1192 2790 panis
1209 2712 1292 2770 esset

214 2793 341 2884 signum
363 2792 503 2880 eorporis
530 2790 597 2857 sine
623 2791 790 2894 sanguine,
819 2813 860 2856 an
887 2791 1057 2861 contineret
1082 2790 1234 2859 humores
1261 2799 1291 2858 et

92 2893 94 2898 ’
213 2883 340 2983 spiritus
363 2891 458 2982 atque
479 2877 558 2945 adeo
580 2901 774 2970 sangrunem.
803 2877 944 2946 Thomas
953 2879 1093 2969 Aquinas
1104 2881 1292 3035 saugaiqem

215 2992 340 3058 corporr
366 2991 470 3035 messe
498 2969 633 3048 censuit,
661 2967 702 3034 ad
731 2990 828 3056 quarn
855 2971 1038 3035 sententiam
1066 2968 1155 3035 deten
1177 2993 1217 3038 en
1238 2991 1291 3034 am

213 3058 487 3128 concomitantiam
509 3055 667 3145 quandam
690 3055 808 3138 docuit,
835 3079 910 3122 cum
935 3058 968 3123 in
994 3068 1192 3125 sacramento
1219 3065 1292 3147 post

213 3149 482 3216 consecrationem
503 3144 562 3240 spb
585 3148 674 3235 panis
696 3147 802 3234 specie
823 3144 933 3211 adesse
955 3143 1069 3229 Christi
1090 3169 1206 3237 corpus
1227 3169 1288 3237 pu·

213 3246 302 3318 taret,
325 3237 384 3302 sub
401 3237 506 3323 specie
522 3236 587 3301 vini
602 3236 803 3325 sanguinem:
825 3256 975 3300 unacum
993 3258 1125 3326 corpore
1144 3235 1204 3303 sub
1216 3259 1290 3326 spe·

213 3327 265 3395 cie
284 3327 373 3415 panis
400 3323 511 3391 adesse
538 3325 738 3415 sanguinem,
767 3323 917 3404 animam,
946 3323 1136 3392 divinitatem
1160 3323 1290 3404 Christ,

212 3437 289 3484 cum
310 3415 463 3505 sanguine
485 3435 613 3503 quoque
635 3411 694 3479 sub
716 3413 821 3502 specie
841 3412 905 3478 vini
921 3434 1036 3504 corpus
1054 3423 1085 3479 et
1099 3408 1291 3480 divinitatem

213 3525 255 3571 ex
277 3502 589 3570 concomitantia.
633 3500 720 3568 Tum
741 3523 828 3583 vero,
851 3501 925 3590 quia
947 3526 987 3570 ex
1008 3512 1191 3569 consecrato
1213 3505 1287 3569 vino

212 3591 292 3660 odor
313 3602 345 3659 et
364 3594 471 3659 tumus
492 3589 625 3672 exhalat,
645 3613 725 3658 num
744 3591 778 3657 in
800 3613 838 3657 eo
862 3589 959 3658 odore
980 3601 1064 3658 esset
1078 3589 1194 3658 Christi
1214 3613 1290 3658 san·

212 3682 293 3773 guis,
316 3681 553 3770 quaesiverunt:
576 3679 808 3747 affirmaverunt
829 3676 894 3761 alii,
923 3678 1009 3771 quod
1029 3681 1062 3747 in
1084 3677 1181 3745 calice
1202 3677 1291 3747 nulla

212 3769 274 3856 alia
297 3777 380 3837 esset
400 3768 579 3852 substantia,
602 3790 643 3836 ex
665 3791 728 3859 qua
751 3767 829 3834 odor
857 3778 912 3836 aut
937 3771 1043 3835 fumus
1072 3767 1145 3832 oriri
1172 3777 1290 3856 posset,

211 3861 272 3927 nisi
294 3856 411 3926 Christi
437 3879 567 3949 corpus3
595 3856 647 3925 alii
673 3867 883 3947 negaverunt,
911 3856 996 3946 quod
1023 3855 1166 3923 homines
1194 3879 1291 3946 posse

211 3970 290 4016 naso
312 3947 475 4038 percipere
496 3969 630 4015 coenam
651 3945 849 4027 dominicam,
872 3943 1043 4012 absurdum
1064 3944 1102 4009 iis
1118 3944 1289 4017 videbatur.

211 4035 327 4128 Neque
349 4047 465 4117 tamen,
486 4034 645 4102 undenam
660 4037 739 4101 tami
756 4045 788 4101 et
803 4032 915 4100 odores
929 4031 972 4100 illi
988 4035 1197 4126 gignerentur,
1212 4052 1288 4123 per-

210 4127 343 4193 scrutari
363 4124 559 4192 horruerunt
592 4122 634 4188 Et
656 4124 729 4212 quia
749 4119 916 4188 ridiculum
938 4145 1008 4190 esse
1030 4123 1134 4190 visum
1158 4131 1206 4188 est
1227 4119 1288 4189 do-

212 4237 293 4296 cere,
316 4237 358 4281 ex
378 4211 453 4280 solis
474 4236 529 4280 eos
546 4211 609 4278 vini
626 4208 836 4278 accidentibus
852 4211 1010 4294 exsistere,
1032 4222 1087 4280 aut
1102 4233 1141 4278 ex
1154 4211 1288 4278 immor·

211 4301 266 4374 tab
285 4313 319 4374 et
338 4300 477 4397 glorioso
499 4299 615 4377 Christi
635 4322 783 4396 corpore,
809 4320 831 4370 a
851 4299 924 4372 Deo
953 4299 1141 4373 miraculose
1168 4297 1209 4370 de
1235 4301 1288 4381 ni·
