2714 4912
570 290 794 354 ...39...

142 455 235 515 omine
252 455 362 503 ostendit
380 454 497 510 mentae
512 455 619 503 histoire
637 454 668 501 te
684 455 783 511 l’egttse
805 468 830 513 p.
849 455 918 506 919.
931 466 971 512 stt.
987 464 990 469 ⁴
1006 457 1049 506 co
1071 456 1136 514 quse
1153 462 1224 509 titio·

140 529 220 581 honus
238 531 344 575 Maurus
363 528 392 572 de
410 526 568 591 baptismate¹
579 525 678 573 tradidit
701 528 782 582 opud:
807 528 972 575 Mattlrles:
991 529 1157 586 soptlsnute
1170 535 1224 580 Ex.

137 598 231 653 positio
250 597 339 645 hlhlica
356 596 479 645 historica
496 597 652 665 dogmatica,
682 596 794 645 Berotini
812 598 889 646 1881.
906 611 933 656 p.
951 600 1012 647 260.

630 762 659 849 ᾗ.
683 764 734 832 ll.

226 886 356 956 Praeter
376 883 588 956 Ratramnrtm
615 909 692 955 vero
723 896 754 954 et
776 883 983 970 Blmbanum,
1006 911 1088 979 quos
1115 899 1224 958 contra

136 977 242 1069 ipsum
264 975 462 1046 Radbertum
482 974 577 1044 utros
599 975 817 1066 composuisse
846 975 1053 1059 ostendimus,
1079 1001 1222 1047 comme·

136 1065 283 1135 morandi
303 1074 379 1135 sunt
400 1063 460 1148 alii,
505 1066 538 1131 ui
561 1066 706 1155 quamvis
734 1064 848 1132 eodem
870 1064 998 1134 saeculo
1020 1069 1161 1136 viventes
1183 1068 1223 1136 ad

136 1155 312 1224 doctrinam
334 1156 402 1221 e'us
423 1088 625 1223 refellendam
645 1152 767 1224 nullam
796 1177 927 1244 operam
955 1157 1143 1237 conferrent,
1173 1167 1221 1225 ta-

135 1267 213 1312 men
235 1243 303 1332 ipsa
324 1179 405 1310 illius
427 1254 529 1312 aetate
551 1242 591 1311 de
606 1266 707 1311 coena
722 1241 841 1311 domini
854 1245 935 1311 inter
948 1243 1114 1336 theologos
1128 1246 1224 1315 luisse

136 1331 362 1400 dissensionem
392 1334 641 1422 opinionumque
657 1333 860 1414 ‘varietatem
893 1331 1141 1402 luculentissime
1167 1333 1222 1401 de-

136 1419 270 1488 clarant:
306 1443 348 1488 ex
374 1421 506 1510 quibus,
536 1445 612 1510 quo
641 1421 800 1489 facilius
829 1445 875 1490 ex
903 1420 1223 1491 adversariorum

136 1509 347 1577 sententiis
369 1508 653 1591 Paschasiana,
683 1534 782 1600 quae
804 1512 854 1577 iis
875 1521 935 1578 est
955 1515 1041 1580 fere
1063 1522 1222 1579 contra·

134 1598 210 1679 riu,
221 1607 548 1694 cognosceretur,
566 1598 605 1666 de
615 1597 771 1667 nonnullis
782 1599 911 1666 uberius
921 1600 1143 1691 exponendum
1154 1623 1224 1667 esse

134 1685 219 1753 duxi
262 1686 346 1755 Inter
374 1710 455 1778 quos
482 1687 617 1756 habetur
638 1687 798 1773 Florus),
829 1687 980 1756 ecclesiae
1001 1687 1223 1779 Lugdunensis

134 1773 297 1857 diaconus,
326 1778 381 1866 q'ui
409 1775 481 1845 fidei
507 1788 629 1844 tantum
658 1777 775 1851 Christi
803 1799 919 1869 corpus
947 1779 1118 1866 mysticum
1145 1777 1223 1844 tradi

134 1865 295 1932 contendit
316 1877 347 1933 et
368 1876 434 1932 tam
448 1865 524 1932 nihil
539 1867 578 1934 de
593 1868 935 1936 transsubstantiatione
949 1865 1081 1949 tradidit,
1103 1877 1139 1935 ut
1152 1865 1221 1933 lila-

134 1951 262 2034 lrillonii,
281 1955 335 2042 qui
350 1953 383 2020 id
394 1955 608 2021 demonstrare
620 1954 746 2038 studuit,
762 1959 876 2023 mentis
894 1957 995 2024 aciem
1006 1958 1118 2048 ingens
1133 1979 1221 2022 erro·

133 2063 207 2109 rum
225 2039 328 2133 caligo
344 2043 581 2131 praestrinxisse
598 2044 739 2134 putanda
756 2045 839 2131 sint)
861 2044 1054 2112 Wulairidus
1069 2045 1221 2132 Strobo,⁰)

134 2132 191 2220 qui
213 2130 414 2200 Salvatorem
435 2133 577 2221 corporis
601 2141 633 2198 et
655 2155 710 2199 san
735 2133 814 2198 uinis
836 2135 885 2199 sui
905 2144 1100 2201 sacramenta
1115 2135 1148 2200 in
1162 2155 1220 2220 pa*

133 2221 183 2287 nis
206 2230 238 2288 ei
259 2221 324 2287 vini
341 2219 513 2288 substantia
529 2219 689 2312 discipulis
708 2156 830 2288 dedisse
846 2219 950 2301 duxit3
974 2220 1108 2376 dempue
1126 2221 1218 2288 Chn'-

134 2309 255 2376 stianus
271 2308 456 2392 Druthmar,
479 2309 655 2377 monachus
678 2307 821 2402 ejusdem
843 2311 1024 2377 monasterii
1077 2309 1219 2401 orbejen-

133 2400 187 2479 sis,
216 2398 267 2464 oui
289 2408 432 2489 praeerat
453 2398 661 2482 Paschasius,
693 2401 748 2490 qui
774 2397 883 2492 locum
912 2399 944 2466 S.
967 2399 1001 2466 S.
1024 2397 1220 2481 11119826.

132 2488 253 2554 ratione
276 2510 296 2554 a
316 2485 487 2555 Paschasio
511 2489 640 2555 omnino
668 2487 771 2556 aliena
798 2491 878 2555 inter
901 2498 1030 2555 retatus.
1045 2498 1108 2570 est,
1136 2487 1223 2578 quod

133 2597 174 2642 eo
190 2576 346 2666 majorem
368 2575 459 2644 nobis
481 2575 720 2645 admirationem
741 2581 846 2645 facere
867 2511 968 2658 debet,
991 2577 1078 2667 quod
1100 2577 1220 2644 abbatis

133 2667 352 2822 pppippipamm
385 2688 450 2734 non
484 2663 574 2734 facile
612 2667 682 2756 quis
709 2665 940 2734 monachorum
966 2666 1135 2757 intringere
1161 2686 1220 2732 au·

208 2913 237 2983 a)
257 2924 296 2969 lte
313 2922 474 2978 expositione
491 2922 586 2970 missae
603 2925 670 2979 nond
680 2928 790 2973 Mostene
805 2925 956 2971 etliurantt:
974 2923 1061 2973 veter.
1072 2923 1221 2980 scriptorum

135 2993 292 3049 amplissima
311 2994 407 3043 collect.
426 2999 476 3040 tom
493 2996 537 3041 xl.
555 3006 580 3050 p.
592 2992 653 3042 set.
670 3007 696 3041 v.
715 2998 865 3042 ltluensener
882 2998 1013 3042 Lehrhueh
1032 2997 1075 3040 tter
1092 2998 1219 3050 Dogmen-

136 3066 280 3119 geschichte
294 3066 475 3122 hereusgeget.
484 3076 535 3111 von
545 3075 569 3111 v.
581 3066 668 3113 coelln
677 3068 707 3112 11.
721 3068 745 3127 1,
765 3079 789 3122 p.
800 3065 860 3112 989.
884 3067 960 3113 Aliud
975 3071 1030 3126 erat
1039 3078 1139 3125 corpus,
1155 3066 1220 3120 quoti

134 3139 292 3191 mouebatur,
309 3141 387 3189 atoue
405 3136 483 3194 allud,
502 3137 567 3190 quod
584 3138 737 3183 trudebatur.
773 3139 879 3198 corpus,
898 3137 1139 3194 nostrosnostros,
1163 3138 1220 3183 erat

133 3207 311 3265 substantiale,
330 3208 395 3261 quod
412 3218 474 3252 vero
495 3208 647 3271 tradebatur,
665 3209 808 3264 mysticum.
827 3210 858 3255 cl.
877 3209 994 3253 Bossuet.
1014 3209 1057 3252 1.t.
1075 3219 1099 3262 p.
1117 3207 1178 3254 256.

207 3275 237 3332 h)
255 3279 313 3324 Act.
332 3282 357 3324 s.
377 3282 403 3324 8.
421 3279 467 3324 IV·
486 3280 567 3334 8.,111.
586 3282 630 3326 Nr.
650 3278 692 3326 89.
717 3279 890 3340 „ttlysterlum
909 3289 967 3332 ergo
992 3277 1053 3324 illud
1072 3278 1156 3332 agitur
1172 3280 1219 3323 suh

124 3348 219 3403 ligura
237 3353 263 3394 et
280 3348 365 3402 specie
383 3348 471 3402 panis,
496 3354 522 3394 at
545 3352 591 3395 ouh
609 3350 654 3396 illa
670 3349 751 3404 figura
769 3351 906 3396 continetur
928 3348 1023 3395 veritas
1043 3347 1155 3402 eorporis
1173 3348 1218 3393 do·

136 3418 232 3478 minici3
251 3418 289 3464 sic
306 3421 398 3464 Florus
416 3418 576 3476 intelligebat,
594 3420 632 3466 sic
650 3422 776 3465 credebat.
794 3441 828 3450 —-
847 3441 881 3450 -
905 3422 946 3464 Ex
964 3430 1013 3473 quo
1032 3419 1120 3463 iterum
1138 3428 1218 3473 appa-

135 3495 181 3550 ret,
201 3490 267 3544 quod
280 3491 334 3543 jam
355 3489 459 3544 ereptus
477 3489 538 3547 dixi,
557 3490 752 3536 controversiam
769 3490 838 3536 itiam
851 3491 967 3537 haesisse
980 3489 1088 3535 maxime
1102 3489 1128 3533 in
1147 3490 1218 3534 motio

132 3552 277 3616 iottuendL“
292 3565 339 3606 eet.
365 3561 412 3607 cui
432 3560 571 3608 sententiae
585 3561 617 3607 ct.
636 3561 785 3614 nosnage
804 3560 907 3607 histoire
927 3562 957 3605 tte
971 3559 1069 3614 l'egltse
1083 3571 1108 3615 p.
1122 3560 1184 3605 998.

208 3625 234 3691 c)
256 3630 415 3678 walafridus
433 3635 522 3678 Strsho
546 3632 576 3676 de
600 3634 675 3677 retus
698 3635 790 3680 eccles.
815 3645 855 3689 cp.
876 3632 917 3679 to.
937 3633 980 3678 tt.
999 3642 1024 3678 v.
1043 3631 1109 3687 apud
1126 3630 1219 3687 nospi-

134 3702 236 3749 nlannm
254 3702 312 3748 hist.
331 3710 440 3748 sacrent.
458 3707 508 3748 tom
526 3705 547 3750 1.
567 3714 590 3757 p.
610 3700 669 3748 219.

207 3764 238 3832 tl)
256 3776 405 3819 tir-othmare
424 3773 555 3826 ttxnosttlo
565 3773 592 3818 ln
607 3771 696 3819 matth.
707 3773 856 3828 evangelist.
866 3773 898 3820 V.
910 3775 1058 3820 ltluenscher
1067 3775 1085 3818 1.
1094 3774 1112 3817 1.
1122 3783 1148 3826 p.
1158 3773 1218 3817 998.

134 3844 253 3897 sauuage
270 3843 328 3889 hist.
353 3841 632 3900 cotennensis.
668 3844 782 3890 tlieseler
804 3845 936 3892 Lehmnoh
957 3846 1002 3891 der
1025 3843 1219 3897 Kirchengesch
1290 3864 1294 3897 ι,

135 3917 168 3961 11.
191 3915 214 3960 1.
232 3924 258 3970 p.
277 3912 320 3960 96.
339 3914 382 3965 tlt.
403 3911 446 3962 98.
482 3915 592 3961 Bossuet
609 3917 627 3961 1.
646 3917 662 3961 1.
680 3927 707 3970 ῃ.
726 3914 788 3962 988.

625 4045 655 4131 t.
679 4043 730 4116 15.

213 4169 336 4236 Eorum
352 4189 427 4235 vero
443 4167 609 4237 hominurn
627 4169 786 4237 sententiis
802 4172 997 4261 contemptis,
1014 4190 1071 4259 per
1081 4165 1218 4237 mediam

139 4267 272 4327 aetatem
295 4255 458 4325 Paschasii
479 4258 618 4328 doctrina
638 4282 804 4352 perversa,
826 4261 853 4326 si
875 4268 1034 4326 certamen
1055 4281 1130 4328 cum
1152 4259 1216 4326 Be-
