2714 4912
608 325 838 427 fre-

187 489 247 558 uisi
268 497 366 555 totam
388 497 420 553 et
440 486 593 574 integram
616 482 736 553 domini
755 483 819 551 Dei
840 485 890 552 sui
911 506 1049 566 earnem,
1069 507 1134 553 non
1157 496 1266 556 autem

185 576 276 645 coelo
299 576 492 655 devocatam,
515 572 571 639 sed
591 571 737 663 incaelo
759 583 948 656 manentem,
971 574 1057 664 quod
1079 597 1133 642 ore
1149 597 1265 667 corpo-

185 668 227 736 ris
249 665 326 747 lieri,
346 665 448 731 ratio
470 660 557 729 nulla
579 663 764 751 permittite)
788 700 831 711 -
853 662 959 731 Homo
980 663 1021 730 de
1044 663 1169 731 duabus
1189 665 1263 735 sub-

183 757 303 825 stantiis
318 762 447 833 constat,
471 753 575 819 anona
590 760 621 817 et
641 764 783 842 corpore,
806 754 959 841 superiori
982 763 1012 819 et
1026 753 1171 822 interiori.
1199 757 1262 824 Su·

183 846 287 935 perior
300 841 435 909 relicitur
446 839 562 908 Christi
583 862 715 930 corpore
738 841 896 909 advitam
919 851 1088 924 aeternam,
1111 866 1195 933 pane
1215 844 1264 913 iu·

145 1008 148 1016 q
182 934 309 1012 teriore,
339 954 421 1018 pane
443 928 614 1020 spirituali,
641 931 768 998 interior
795 931 834 996 ad
857 929 1062 1020 temporalem
1078 955 1168 1022 pane
1190 954 1262 1001 sen-

179 1019 271 1102 suali,
294 1021 349 1108 qui
371 1029 477 1086 tamen
499 1028 570 1109 post
587 1021 855 1088 consecrationem
877 1029 925 1087 est
948 1042 1063 1112 corpus
1086 1020 1212 1104 Ctnnti,
1233 1032 1263 1092 ct

179 1111 217 1196 in¹
234 1131 273 1177 eo
295 1106 380 1175 valet
401 1111 495 1175 etiam
519 1108 669 1176 advitam
691 1119 851 1178 aeternam
873 1106 992 1195 fidelia)

249 1281 333 1326 Locos
351 1279 424 1325 attuli
440 1290 475 1324 ex
493 1278 599 1325 editione
617 1278 808 1327 vischerorum:

250 1342 279 1408 a)
300 1362 325 1404 u.
347 1348 388 1395 111.
408 1370 442 1380 -
460 1345 489 1402 tr)
509 1360 533 1404 p.
555 1350 596 1395 75.
614 1369 649 1391 u,-
667 1345 695 1402 c)
715 1349 794 1404 1116.
813 1367 848 1379 ·-
866 1345 895 1403 11)
913 1360 939 1404 p.
952 1347 995 1395 90.
1015 1371 1050 1380 -
1068 1340 1095 1408 e)
1116 1349 1259 1407 11208.-

179 1415 202 1480 1)
222 1433 245 1477 p.
264 1421 323 1466 att.
343 1441 378 1450 —
395 1414 424 1476 g)
445 1430 469 1474 p.
489 1419 533 1467 96.
553 1416 636 1472 -111
655 1432 680 1474 1).
701 1421 759 1465 trs.
780 1440 815 1451 -
832 1413 854 1479 t)
875 1431 901 1475 p.
922 1418 982 1466 199.
999 1442 1033 1452 -
1052 1414 1128 1479 11)».
1147 1423 1208 1469 tta.
1227 1443 1259 1454 -

176 1486 200 1548 1)
221 1503 244 1547 ρ.
264 1492 324 1536 m.
344 1509 378 1523 -
395 1479 434 1551 m)
452 1487 548 1546 usta.
568 1509 603 1525 -
621 1486 652 1543 n)
672 1491 769 1548 naor.
789 1513 822 1527 -
842 1481 872 1552 o)
891 1491 987 1546 ereo.
1057 1491 1089 1548 nt
1109 1504 1135 1550 n.
1153 1495 1213 1540 tar.
1228 1514 1259 1527 -

178 1563 253 1620 111.
274 1561 331 1609 reo.

666 1753 696 1838 1.
723 1757 775 1819 13.

181 1951 185 1957 ‚
268 1902 359 1986 Quos
380 1900 469 1969 locos
491 1900 549 1967 etsi
570 1898 848 1991 diumultumque
869 1901 1021 1992 reputavi,
1044 1911 1211 1992 totumque
1224 1901 1257 1972 ti·

176 1991 269 2060 brunt
291 1989 457 2079 diligenter
479 1988 607 2080 perlegi,
629 1998 736 2057 tamen
757 1993 862 2059 facere
878 2014 942 2059 non
957 2013 1098 2080 possum,
1121 1995 1208 2081 quin,
1221 2001 1259 2061 «11

175 2079 381 2170 aLessingio
423 2087 454 2144 et
482 2077 666 2146 Staeudlino
701 2079 908 2160 dissentiens,
943 2103 1021 2147 num
1049 2104 1070 2148 a
1095 2080 1257 2173 Berenga·

176 2170 223 2235 rio
259 2165 471 2236 substantialis
499 2166 619 2236 domini
654 2169 830 2258 praesentia
868 2168 978 2234 tradita
1014 2170 1073 2252 sit,
1112 2169 1256 2240 dubitem

172 2255 289 2348 Magna
312 2257 441 2348 quidem
464 2258 579 2328 mentis
600 2257 668 2326 acie
684 2267 870 2347 argumenta
884 2259 1067 2339 afferuntur,
1089 2258 1257 2327 adversarii

173 2346 365 2427 refelluntur,
388 2343 510 2412 multa
533 2346 650 2416 etiam
672 2356 782 2414 recte
803 2357 1095 2436 proponuntur,
1118 2349 1176 2420 sed
1197 2372 1256 2419 non

170 2457 275 2524 pauca
286 2485 296 2516 ,
334 2456 417 2524 quae
446 2432 604 2501 contendit
637 2432 677 2500 de
709 2433 772 2502 hoc
800 2425 971 2517 μυστηρίῳ
1000 2438 1256 2520 sanctissimo,a

172 2525 369 2597 communi
391 2545 509 2593 seusu
531 2532 724 2614 repetuntur,
746 2546 851 2614 neque
875 2523 914 2589 ab
936 2546 976 2590 ea
991 2522 1167 2594 disserendi
1183 2527 1255 2596 sub·
1293 2569 1294 2572 =

170 2609 295 2694 11111111,
328 2634 412 2701 quae
445 2633 541 2680 verae
569 2611 642 2681 fidei
670 2611 866 2681 Christianae
899 2613 1014 2679 nitatur
1045 2615 1255 2684 fundamento.

170 2697 280 2790 ltaque
301 2703 335 2770 ni
356 2699 563 2768 vehementer
587 2724 667 2782 erro,
690 2725 798 2771 veram
820 2700 902 2768 illius
925 2704 1112 2770 sententiam
1142 2708 1255 2796 (quam

168 2790 300 2858 leuasse
318 2788 425 2878 eloqui
440 2789 570 2874 horruit)
595 2792 621 2856 si
643 2812 836 2880 cognoscere
860 2792 1016 2880 cupimus,
1039 2791 1159 2861 domini
1180 2817 1253 2862 me·

56 2896 59 2903 ·
168 2881 319 2947 moriae
336 2876 595 2946 Eucharistia
618 2878 892 2960 renovandae,
915 2877 1087 2968 plurimum
1104 2905 1184 2950 eum
1202 2884 1252 2950 tri·

167 2965 274 3037 buisse
297 2966 400 3068 (V3p.
423 2971 510 3051 223),
533 2965 690 3036 elementa
712 2979 819 3036 autem
842 2966 934 3048 fideli,
956 2972 1011 3058 qui
1033 2974 1253 3062 eaacciperet,

166 3051 250 3151 illius
294 3077 363 3126 uast
378 3057 549 3144 imaginem
567 3055 725 3146 quandam
742 3068 989 3148 repraesentare,
1011 3055 1158 3128 docuisse
1176 3084 1251 3130 con·

167 3079 346 3214 cedendum
362 3149 421 3225 est,
436 3145 478 3211 ita
494 3154 529 3209 ut
542 3147 623 3210 inter
635 3144 803 3217 Calvinum
821 3157 852 3213 11
862 3145 1055 3236 Zwinglium
1074 3153 1165 3238 quasi
1183 3174 1249 3218 me·

166 3231 237 3297 dius
258 3234 468 3323 interpositus,
490 3235 523 3303 in
545 3232 639 3324 hujus
667 3243 773 3302 tamen
801 3235 904 3324 magis
931 3233 1098 3306 inclinasse
1127 3239 1248 3308 videre·

164 3329 216 3389 tur
238 3323 432 3391 sententiam.

558 3494 566 3513 “
653 3535 681 3619 s.
711 3536 763 3602 11.

252 3673 383 3741 Praeter
404 3674 632 3764 Berengarium
660 3696 737 3741 vero
765 3673 854 3743 multi
882 3697 958 3742 cum
987 3653 1139 3746 ecclesiae
1170 3678 1247 3772 dog·

53 3774 55 3778 “
162 3771 248 3829 mata
277 3762 403 3850 probari
430 3786 495 3831 non
524 3786 619 3853 posse
647 3763 875 3854 perspicerent,
904 3775 1008 3854 partes
1036 3765 1249 3853 sequebantur

92 3871 93 3875 ’
162 3849 402 3918 haereticorum.
448 3852 512 3935 Qui
556 3853 664 3921 uidem
686 3855 744 3921 etsi
766 3852 805 3921 de
827 3852 922 3920 rebus
944 3850 1102 3921 nonnullis
1132 3860 1248 3926 rectius

161 3940 345 4020 sentiebant,
368 3960 465 4028 quam
485 3876 637 4009 ecclesiae
655 3941 821 4032 principes,
843 3953 950 4009 tamen
968 3940 1009 4009 de
1027 3943 1134 4012 multis
1150 3968 1245 4034 prae-

161 4029 253 4118 cipue
282 4027 321 4094 de
343 4027 549 4118 Eucherium,
578 4031 751 4101 doctrinam
774 4028 935 4098 tradebant
956 4033 1083 4100 omnino
1113 4055 1244 4121 perver-

161 4136 239 4188 sam.
275 4116 390 4200 Quam,
414 4142 489 4185 cum
511 4121 543 4186 in
558 4122 627 4211 ejus
649 4130 793 4187 auctores
814 4117 925 4184 eadem
962 4117 1140 4211 'bilosophia
1161 4143 1243 4211 pan·

133 4216 137 4235 ²
159 4201 308 4287 tlreistica‚
332 4229 395 4296 qua
409 4207 569 4276 Amolrich
590 4209 631 4274 111
645 4208 743 4287 Bona,
766 4204 872 4274 David
894 4207 935 4276 de
946 4142 1091 4277 lllinanto
1116 4212 1242 4289 animos

158 4291 343 4378 imbuerant,
361 4297 426 4367 vim
441 4296 569 4369 haberet
583 4294 636 4367 vel
652 4297 834 4380 maximam,
850 4298 930 4368 inter
945 4321 1055 4371 omues
1069 4297 1168 4369 titisse
1182 4325 1240 4394 ap·
