2714 4912
408 1753 814 1830 PRAEFATIO.

161 2033 254 2105 Hanc
275 2033 540 2120 dissertationem,
569 2060 667 2129 quam
688 2023 835 2106 summus
864 2035 952 2105 Ordo
976 2035 1159 2130 Theologo·

70 2183 145 2232 rum
171 2159 385 2232 Berolinensis
410 2161 551 2253 praemio
578 2159 705 2253 dignam
732 2159 836 2243 duint,
862 2180 952 2242 cum,
981 2172 1017 2229 ut
1045 2164 1162 2256 publici

69 2285 150 2378 juris
170 2287 317 2369 lacerem,
338 2306 450 2354 eorum
469 2282 645 2369 hominum,
667 2286 721 2378 qui
735 2283 908 2378 plurimum
923 2282 1008 2376 apud
1022 2310 1076 2357 me
1090 2289 1161 2383 pol.
1190 2367 1192 2370 ι

31 2506 34 2513 Ι
71 2409 147 2494 lent,
168 2409 330 2480 admonitu
350 2406 521 2502 impulsus,
548 2407 654 2500 quoad
677 2412 745 2502 ejus
766 2408 833 2478 lieri
847 2418 964 2502 posset,
992 2414 1164 2484 emendare

74 2543 261 2604 statuerem:
294 2544 400 2604 tamen
422 2532 612 2626 simrdatque
634 2531 797 2626 diligenter
816 2531 979 2626 perlegere
994 2539 1093 2630 coepi,
1106 2541 1166 2609 nisi

75 2680 223 2727 novum
243 2656 384 2728 libellum
405 2657 651 2739 conscriberem,
671 2667 708 2724 ut
732 2653 832 2724 multa
861 2666 1074 2741 mutarentur,
1101 2660 1167 2732 fieri

75 2804 142 2851 non
162 2804 268 2873 posse,
286 2780 432 2851 intellexi
475 2780 593 2874 ltaque,
613 2778 668 2849 illo
693 2778 823 2848 consilio
855 2781 987 2871 rejecto,
1015 2783 1167 2857 nonnulla

76 2914 201 2974 tantum
222 2903 334 2990 addidi,
356 2906 545 2999 scriptorum
565 2903 654 2975 locos
684 2903 781 2987 attuli,
801 2927 908 2974 rerum
922 2926 999 2973 vero
1013 2909 1168 2980 rationem

77 3031 233 3123 mtegram
260 3031 461 3102 conservavi:
498 3031 681 3123 praesertim
718 3050 794 3097 cum
822 3027 1070 3099 dissertationem
1100 3037 1168 3124 jam

81 3151 123 3223 ob
145 3177 218 3223 eam
240 3176 372 3223 causam
393 3177 459 3225 non
480 3177 610 3247 prorsus
631 3154 792 3222 immutari
814 3176 909 3245 posse
931 3161 1168 3245 cognoscerem,

15 3311 17 3315 v
82 3275 179 3370 quod,
201 3276 303 3369 qualis
325 3277 365 3346 ab
386 3279 472 3348 initio
489 3280 607 3361 luisset,
629 3301 694 3347 non
718 3287 834 3358 autem,
857 3276 967 3366 qualis,
991 3278 1018 3344 si
1033 3277 1169 3369 plurima

81 3402 347 3484 retractavissem,
380 3404 461 3470 lacta
490 3412 588 3485 esset,
622 3401 764 3495 praemio
788 3408 871 3465 esset
893 3408 1009 3466 ornata.
1060 3399 1171 3495 ltaque
1208 3471 1209 3474 ,

81 3549 151 3609 eos,
172 3527 227 3620 qui
247 3525 344 3618 hujus
364 3523 459 3596 libelli
476 3522 600 3616 judices
620 3549 656 3594 se
684 3523 886 3604 constituent,
915 3525 1108 3614 rogaverim,
1136 3537 1172 3596 ut

74 3649 254 3749 nonnullos
281 3659 404 3719 tantum
430 3671 558 3719 menses
589 3649 622 3718 in
651 3670 691 3717 eo
725 3645 949 3718 conscribendo
983 3669 1199 3732 consumere,

82 3770 163 3844 milri
183 3773 310 3844 licuisse
330 3760 501 3866 reputent.

176 3897 346 3968 Praeterea
366 3898 443 3970 nihil
463 3897 576 3980 habeo,
599 3895 686 3990 quod
708 3917 967 3975 commemorem,
995 3895 1055 3962 nisi
1076 3915 1173 3962 voca-

87 4021 201 4092 bulum
223 4021 423 4113 dogmatis
445 4046 511 4093 non
534 4020 639 4091 solum
660 4017 701 4087 ad
716 4018 890 4088 doctrinam
907 4015 1049 4085 absolute
1065 4039 1175 4086 veram

89 4145 175 4234 (vide
196 4147 402 4218 Prooemium
423 4171 453 4240 p.
476 4151 529 4235 2.),
551 4144 608 4215 sed
635 4145 730 4212 etiam
759 4141 800 4211 ad
828 4164 967 4210 errorem
996 4141 1079 4232 ejus
1100 4165 1176 4212 non

90 4272 249 4342 omnino
279 4280 496 4367 expertem,
530 4267 727 4342 ecclesiae
763 4266 1006 4336 auctoritate
1041 4266 1175 4336 sanci·
