2714 4912
643 331 863 398 ..afi-

212 493 246 559 in
268 488 393 558 Christo
414 494 597 557 naturarum
618 489 736 556 unione
759 485 953 577 probandam
980 495 1123 556 censeret
1146 483 1294 558 ecclesia.

216 619 261 631 -
282 579 402 670 Majore
423 580 515 645 etiam
539 576 709 644 disserendi
731 576 898 644 subtilitate
926 587 994 643 erat
1021 574 1199 644 Guilelmus
1225 576 1295 644 Oc-

214 672 415 755 camensis,¹¹·)
437 666 476 733 de
498 690 561 757 quo
584 668 752 756 praecipue
774 665 814 735 ob
835 689 908 733 eam
929 688 1057 733 causam
1078 676 1115 734 ut
1129 665 1294 756 quomodo

138 811 140 816 .
215 756 440 825 Nominabstae
467 755 507 822 de
534 776 635 823 coena
662 754 779 822 domini
806 766 838 822 et
865 757 1018 822 senserint
1045 764 1076 821 et
1100 751 1297 837 tradiderint,

214 845 417 938 intelligatur,
443 846 543 912 fusius
571 843 793 933 disputandum
822 867 893 911 esse
920 844 1069 911 videatur.
1115 841 1297 912 Guilelmus

214 937 318 1027 igitur,
340 937 395 1024 qui
416 933 529 1001 eodem
550 933 656 1015 modo,
679 957 742 1024 quo
757 933 851 1000 Duns
866 934 982 1001 Scotus
1002 933 1154 1000 ecclesiae
1176 931 1296 1000 dochi-

215 1047 276 1091 nae
290 1026 427 1092 veritatis
442 1022 680 1115 cognoscendae
694 1046 784 1112 spem
796 1045 925 1091 omnem
937 1022 1089 1114 deposuit,
1103 1021 1149 1089 illi
1164 1021 1295 1112 quidem

216 1136 309 1181 suam
336 1135 497 1203 opponere
517 1135 581 1180 non
602 1111 731 1194 audens,
753 1114 821 1203 ejus
846 1113 962 1180 nimiae
990 1113 1208 1201 potentiae,
1229 1134 1296 1178 non

216 1202 440 1269 rationibus
461 1225 497 1268 se
519 1201 632 1268 cedere
660 1200 829 1290 profitetur.
864 1199 958 1283 „ideo
980 1224 1044 1268 non
1073 1199 1166 1267 debet
1190 1201 1296 1304 poni‚“

215 1292 356 1382 inquit,¹¹)
377 1293 456 1372 „nisi
475 1290 530 1356 ubi
551 1289 712 1356 evidenter
733 1292 874 1396 sequitur
895 1312 936 1355 ex
958 1289 1074 1356 traditis
1091 1291 1124 1356 in
1140 1299 1295 1378 scriptura

216 1403 306 1446 sacra
327 1377 380 1444 vel
402 1378 657 1447 detemtiaatione
679 1377 840 1461 ecclesiae,
861 1389 990 1468 propter
1011 1381 1103 1469 cujus
1124 1380 1295 1446 auctorita-

216 1478 282 1535 tam
293 1467 386 1535 dehet
396 1470 586 1535 omnisratio
597 1491 634 1535 ca
658 1469 783 1555 tivari.⁰)
798 1469 1022 1548 Sententia,
1038 1470 1128 1558 cujus
1144 1477 1224 1548 sunt,
1240 1466 1296 1557 qui

216 1559 249 1625 in
271 1557 384 1624 eodem
405 1555 478 1625 loco
499 1578 575 1623 cum
596 1491 767 1624 salutantia
787 1559 878 1648 panis
899 1557 1015 1623 etvini
1035 1577 1296 1644 manerecorpus

218 1646 336 1714 Christi
357 1645 552 1728 arbitrantur,
575 1657 682 1713 esset
701 1645 867 1714 multum
888 1643 1108 1727 rationalis,
1130 1646 1190 1713 nisi
1212 1651 1297 1712 esset

216 1734 434 1803 determinatio
455 1738 488 1802 in
510 1737 710 1817 contrarium,
733 1737 806 1825 quia
826 1733 880 1801 iila
906 1733 1006 1801 salvat
1033 1744 1064 1801 et
1084 1735 1161 1801 vitat
1181 1756 1294 1801 omnes

217 1823 421 1907 difficultates,
438 1847 521 1915 quae
532 1834 707 1927 sequuntur
718 1846 758 1891 ex
773 1847 808 1890 se
831 1824 969 1891 aratione
985 1823 1201 1890 accidentium
1224 1822 1296 1891 Nec

216 1915 409 1982 contrarium
430 1911 563 1979 habetur
582 1936 616 1979 sn
637 1934 758 1983 canone
779 1846 901 1994 bibliae,
922 1936 983 1981 nec
1002 1909 1074 2001 plus
1091 1910 1225 1980 includit
1238 1907 1295 2002 alif

218 2024 316 2109 quam
338 2000 624 2083 contradictionem,
645 2023 761 2089 carpus
783 2000 900 2069 Christi
929 2003 1118 2069 coexsistens
1146 2000 1293 2068 substan·

217 2101 279 2157 tiae
301 2092 400 2180 panis,
422 2113 518 2181 quam
540 2091 610 2180 ejus
631 2090 858 2173 accidentibus,
885 2113 945 2158 nec
971 2114 1006 2159 re
1031 2099 1127 2183 agnat
1152 2090 1296 2157 rationi.“

216 2178 326 2271 ltaque
349 2181 494 2272 quamvis
513 2202 625 2246 revera
646 2179 705 2247 sibi
725 2182 946 2268 persuasisset,
973 2113 1160 2247 substantias
1189 2189 1221 2247 et
1242 2199 1295 2246 ac-

217 2269 351 2338 cidentia
374 2272 464 2360 panis
487 2269 603 2337 etvini
625 2292 768 2350 manere,
796 2269 853 2336 sed
876 2268 990 2335 eodem
1010 2267 1082 2336 loco
1105 2265 1201 2336 sianul
1223 2287 1295 2334 eor-

241 2383 279 2425 us
309 2368 341 2425 et
367 2359 554 2449 sanguinem
580 2355 726 2439 Domini,
756 2358 816 2442 (ita
843 2367 880 2424 ut
907 2381 971 2424 non
1015 2355 1105 2424 rocul
1125 2379 1144 2423 a
1166 2354 1297 2424 Lutheri

217 2382 359 2515 doctrina
381 2446 517 2513 abfuisse
535 2445 755 2532 videretur)
776 2455 882 2513 tamen
897 2448 923 2512 si
936 2380 1032 2514 verba
1047 2455 1181 2535 spectas,
1195 2455 1296 2512 trans·

218 2535 480 2606 substantiationis
495 2534 610 2626 dogma
625 2557 663 2601 eo
678 2535 784 2617 modo,
806 2558 870 2626 qao
885 2534 1027 2617 ecclesia,
1043 2535 1158 2616 docuit,
1181 2536 1208 2601 si
1223 2557 1296 2602 sen.-

218 2627 334 2692 tentiae
355 2626 574 2705 sinceritatem,
595 2623 778 2712 repudiauit
795 2660 836 2675 -
854 2624 904 2691 Ex
918 2623 1199 2692 Nomiaalistarum
1219 2643 1296 2689 vero

217 2717 339 2782 ratione
362 2713 403 2781 ad
424 2711 577 2781 ecclesiae
592 2711 709 2804 dogma
728 2711 977 2781 confirmandum
999 2714 1176 2804 quantitatis
1196 2714 1296 2779 notio·

168 2884 171 2891 Ι
219 2826 295 2871 nem
324 2826 389 2869 non
418 2825 476 2893 per
503 2825 539 2868 se
561 2804 711 2868 exsistere
733 2801 840 2884 docet,
868 2802 925 2869 sed
950 2805 1025 2895 ipsis
1046 2801 1156 2883 rebus,
1185 2801 1297 2892 quibus

220 2895 424 2982 quantitatem
452 2889 589 2957 tribuant
609 2889 776 2974 Realistae,
798 2893 964 2973 contineri,
988 2893 1032 2959 ita
1059 2901 1095 2957 ut
1114 2887 1297 2982 magnitudo

100 3062 102 3068 Ι
218 2983 298 3069 ipsa,
320 2989 352 3046 et
372 3001 434 3061 res,
455 3002 538 3069 quae
559 2989 608 3046 est
627 3002 753 3084 magna,
775 2983 979 3084 motusipse,
1001 2989 1033 3046 et
1045 3003 1106 3062 res,
1129 3002 1212 3069 quae
1226 2999 1296 3044 mo·

219 3080 321 3150 vetur,
343 3069 470 3135 omnino
492 3067 576 3135 idem
599 3091 670 3135 essa
690 3068 886 3160 mtelhgatur.
929 3069 1003 3153 Qua
1024 3067 1063 3135 de
1086 3091 1182 3135 causa
1196 3090 1297 3158 quan·

219 3161 349 3239 titatem
370 3180 445 3225 cum
464 3179 529 3223 non
543 3157 648 3222 minus
663 3156 862 3237 substantiae,
884 3180 982 3247 quam
997 3155 1152 3248 qualitatis
1167 3158 1215 3238 sit,
1228 3179 1298 3224 ma·

219 3270 306 3329 nere,
328 3247 451 3312 etiamsi
478 3245 649 3312 substantia
676 3248 766 3336 panis
792 3245 1134 3314 transsubstantiatione
1159 3249 1300 3327 intereat,

221 3345 277 3404 aut
297 3333 382 3402 aliud
403 3356 520 3423 corpus
542 3334 679 3401 eundem
698 3333 821 3417 locum,
843 3358 940 3425 quern
963 3346 1054 3403 antea
1075 3334 1189 3418 hostia,
1220 3335 1300 3402 obti-

220 3436 302 3493 neat.
344 3423 504 3491 Discernit
525 3424 610 3490 enim
632 3447 704 3491 esse
726 3426 1074 3515 circumscriptive
1096 3434 1128 3492 et
1149 3424 1299 3492 diffini-

220 3516 308 3580 tive.
351 3513 648 3602 „Circumscriptive
669 3537 739 3580 esse
759 3516 793 3584 in
813 3513 926 3597 loco,“
947 3517 1062 3605 inquit,
1088 3523 1162 3596 „est
1182 3510 1301 3606 aliquid

221 3625 293 3670 esse
313 3603 347 3668 in
366 3599 448 3684 loco,
470 3600 628 3671 diffinitive
650 3613 757 3670 autem
780 3625 850 3672 esse
871 3605 904 3672 in
926 3602 998 3671 loco
1021 3613 1077 3686 est,
1103 3602 1229 3692 quaudo
1250 3612 1301 3669 to·

220 3702 290 3759 tum
313 3700 360 3757 est
379 3693 413 3756 in
434 3701 500 3758 toto
520 3689 602 3774 loco,
625 3701 657 3759 et
677 3716 741 3760 non
763 3702 860 3774 extra,
883 3702 1034 3760 ettotam
1054 3693 1146 3759 estin
1162 3689 1303 3780 qualibet

220 3792 310 3873 parte
329 3778 414 3846 illius
435 3777 507 3861 loci,
529 3779 688 3871 quomodo
712 3804 827 3871 carpus
850 3780 966 3849 Christi
994 3791 1041 3848 est
1067 3779 1100 3845 in
1125 3776 1198 3846 loco
1221 3778 1301 3848 diffi-

220 3871 325 3952 nitive,
348 3871 422 3960 quia
434 3878 537 3935 totum
552 3872 621 3960 ejus
641 3892 766 3960 corpus,
787 3872 928 3938 coexistit
940 3871 997 3936 toti
1010 3868 1072 3935 loci
1087 3869 1205 3958 speciei
1220 3890 1301 3934 con-

221 3969 377 4040 secratae,
406 3967 438 4023 et
463 3966 566 4023 totum
594 3960 752 4026 coexsistit
778 3959 904 4026 cuilibet
931 3958 1011 4046 parti
1036 3954 1107 4024 loci.
1135 3995 1180 4008 -
1207 3955 1301 4037 Dico,

222 4046 308 4138 quod
328 4069 394 4115 non
414 4054 463 4111 est
479 4045 713 4130 inconveniens,
732 4069 794 4114 nec
808 4055 963 4136 repugnat
977 4044 1082 4138 aliquo
1096 4046 1201 4126 modo,
1222 4045 1300 4110 sub·

221 4138 366 4205 stantiam
389 4135 528 4223 corporis
549 4133 667 4201 Christi
693 4135 845 4202 contineri
866 4134 925 4202 sub
948 4138 1055 4226 specie
1100 4137 1174 4203 anis.
1216 4133 1301 4201 Pro·

221 4224 322 4304 batur,
344 4226 417 4314 quia
440 4225 521 4291 sicut
539 4244 605 4290 non
626 4233 782 4315 repugnat
803 4221 897 4291 alicui
916 4224 1068 4296 indivisib’
1096 4274 1106 4306 ‚
1133 4221 1219 4313 quod
1247 4247 1300 4290 se«

212 4311 364 4397 cundum
383 4335 420 4383 sc
440 4322 544 4385 totum
565 4314 733 4388 coexsistat
753 4311 902 4387 mutatu
929 4312 1008 4389 locis
1034 4310 1175 4385 simler
1195 4315 1301 4385 anima
