2714 4912
220 290 251 357 ᾖ,

624 410 668 425 -
713 377 844 442 93--

143 576 148 585 ·
201 535 368 608 ecclesiam
389 534 436 602 uti
487 554 545 602 ane
568 554 690 624 azymo.
736 535 767 616 6,
794 530 853 615 ,‚V.
876 530 914 601 T.
942 554 1012 600 esse
1039 530 1279 600 fundamentum

200 627 302 696 nostr
318 663 362 675 -
381 622 422 691 N·
447 625 487 690 'o
508 632 615 691 umen
637 623 743 690 minus
765 620 869 691 denuo
887 643 1075 712 graecorum
1088 621 1206 689 rituum
1220 619 1278 689 de·

199 717 306 784 fensor
325 713 446 793 exstitit,
466 711 596 780 Nicetes
606 710 802 794 Pectoratus,
868 713 879 779 i
900 708 1115 779 contenderet:
1140 714 1171 792 1,
1193 710 1281 795 „Qui

201 826 315 894 azyma
330 800 519 882 comederet,
533 823 608 868 eum
623 823 693 868 esse
707 799 767 867 sub
778 822 838 883 ¹um
860 823 895 866 ra
908 798 1015 891 legis.“
1051 800 1083 881 2,
1096 797 1279 881 „Christum

201 916 278 961 vero
300 896 359 962 nos
377 889 487 980 jubere
508 891 541 957 in
562 886 634 956 luce
657 887 847 956 ambulare.“
889 893 920 971 3,
941 889 1117 978 ‚,Aaymum
1131 910 1197 956 non
1208 911 1279 956 esse

199 991 318 1072 panem
339 1002 443 1069 neque
465 979 676 1069 compositum
697 1001 802 1068 neque
824 1001 880 1069 per
901 980 1062 1069 seipsum
1101 979 1281 1044 erfectum.“

201 1073 233 1152 d,
242 1065 400 1153 „Paulum
411 1065 528 1135 dicere:
541 1078 714 1160 expurgate
724 1077 816 1134 vetus
825 1069 1042 1135 lennentum.“
1069 1000 1101 1147 d),
1112 1065 1279 1147 „Eundem

200 1155 286 1250 apud
308 1154 486 1225 Corinthios
506 1157 675 1226 instituisse
696 1179 761 1224 non
784 1179 904 1247 azyma,
927 1157 1053 1247 saepius
1073 1158 1159 1223 enim
1173 1157 1276 1224 norni-

200 1269 277 1316 nare
287 1268 412 1336 panem,
423 1269 487 1314 non
498 1268 534 1312 az
592 1254 638 1310 a.“
660 1244 791 1328 6„,Non
802 1244 977 1314 comedisse
988 1243 1146 1336 apostolos
1157 1265 1280 1333 azyma,

201 1337 275 1440 qaria
297 1333 440 1402 Christus
461 1335 510 1401 die
567 1332 614 1400 lll.
641 1356 716 1401 cum
743 1335 780 1401 iis
801 1342 992 1402 coenasset“
1014 1372 1058 1383 -
1081 1332 1205 1419 Quibus
1225 1355 1279 1401 ra·

201 1424 346 1506 tionibus,
375 1445 457 1511 quae
484 1422 523 1488 ab
545 1424 709 1512 utriusque
731 1423 882 1490 ecclesiae
911 1421 1112 1515 scriptoribus
1135 1444 1279 1513 oppone-

200 1513 328 1593 bantur,
354 1520 441 1578 tanta
468 1534 580 1579 omnes
607 1512 819 1602 flagraverunt
845 1512 977 1595 invidia,
1013 1521 1161 1602 tantaque
1188 1533 1278 1578 acer-

141 1643 155 1655 ·
198 1600 293 1670 bitate
315 1623 372 1693 pro
395 1623 453 1668 sua
476 1603 610 1690 quisque
630 1601 857 1668 consuetudine
878 1601 1049 1682 dimicavit,
1075 1610 1112 1667 ut
1132 1599 1199 1667 Leo
1221 1598 1281 1669 lX.

154 1728 157 1735 ·
188 1711 276 1759 ‘cum
298 1688 431 1757 ecclesia
455 1689 578 1757 Graeca
604 1712 733 1756 omnem
762 1692 993 1758 consortionem
1021 1687 1219 1771 dissolveret,
1247 1699 1282 1756 et

198 1801 241 1847 ne
263 1779 393 1845 minima
416 1777 543 1868 quidem
565 1779 712 1846 societate
734 1780 802 1869 ejus
823 1779 932 1845 ritibus
953 1781 1189 1870 contingeretur.
1226 1777 1280 1845 Ex

245 1891 264 1935 o
287 1878 429 1957 tempore
450 1889 525 1933 cum
548 1868 694 1957 suijuris
716 1890 785 1933 esse
808 1868 962 1956 coepisset
982 1878 1116 1958 utraque
1128 1864 1279 1935 eeclesia:

198 1889 244 2026 dl
257 1959 343 2023 1138
367 1953 427 2020 alia
449 1953 614 2044 disputatio
643 1954 683 2021 de
711 1956 822 2023 eadem
844 1979 879 2023 re
900 1958 981 2023 inter
1001 1954 1186 2025 Anselmum
1208 1954 1278 2022 Ha·

199 2041 436 2135 velbergensem
464 2065 482 2108 a
508 2043 655 2110 Lothario
679 2044 969 2135 Constantinopolin
1003 2047 1137 2112 nussum
1165 2054 1197 2111 et
1217 2044 1279 2112 tti-

198 2143 301 2200 cetam
323 2131 600 2199 Nicomediensem
622 2131 726 2200 habita
755 2157 826 2201 esse
853 2133 1047 2224 perhibetur,
1073 2135 1107 2200 in
1133 2155 1199 2236 qua
1227 2132 1280 2201 tic

197 2225 419 2299 fennentatum
448 2244 563 2311 panem
590 2244 655 2289 non
683 2221 897 2291 damnandum
926 2246 996 2290 esse
1024 2220 1178 2313 probavit,
1205 2224 1280 2312 quia

198 2309 352 2378 Miltiades
381 2320 412 2376 et
441 2309 498 2375 alii'
518 2331 621 2400 papae
648 2308 687 2377 de
720 2332 802 2400 pane
836 2312 1021 2379 fermentato
1050 2309 1279 2391 decrevissent3

198 2395 299 2466 Latini
320 2421 397 2465 vero
407 2383 440 2464 'a
463 2398 593 2466 Graecis
613 2401 647 2465 in
670 2421 709 2466 ea
730 2408 765 2465 re
788 2398 863 2466 olim
885 2423 950 2468 non
972 2399 1198 2483 dissensissent,
1221 2399 1278 2468 sed

198 2489 267 2556 sino
290 2485 356 2554 ullo
378 2485 554 2554 discrimine
575 2509 658 2577 panc
680 2510 792 2579 azymo
823 2498 853 2556 et
878 2490 1061 2557 fermentato
1090 2499 1195 2557 essent
1221 2493 1279 2558 usi.

199 2576 318 2645 Contra
339 2573 508 2643 Anselmus
535 2598 647 2666 azyma
676 2577 823 2646 omnibus
851 2577 1046 2650 comedenda
1073 2600 1144 2646 esse
1171 2589 1278 2648 osten·

197 2662 272 2736 dere
293 2674 425 2733 conatus
447 2674 500 2731 est.

203 2766 206 2781 “
285 2754 432 2822 Attamen
461 2754 657 2822 Graecorum
685 2754 820 2824 ecclesia
846 2767 956 2849 posteo
984 2757 1158 2824 fermentati
1186 2758 1280 2847 panis

197 2865 294 2928 usum
308 2844 523 2910 necessarium
546 2865 625 2924 esse,
646 2845 690 2910 ita
712 2844 827 2928 docuit,
849 2857 885 2912 ut
899 2867 973 2913 cum
987 2843 1129 2912 Concilio
1145 2844 1277 2914 Floren-

196 2933 261 2998 tino
286 2933 384 3012 1138,
405 2953 468 3020 quo
490 2930 523 2998 id
546 2943 703 3022 ageretur,
726 2944 762 3001 ut
784 2933 938 3002 ecclesiae
961 2932 1120 3002 discordes
1140 2937 1222 3002 inter
1243 2958 1280 3004 se

179 3021 401 3100 sociarentur,
422 3040 505 3110 pane
527 3021 711 3089 fermentato
735 3022 890 3092 abstinere
913 3022 952 3091 ab
974 3023 1119 3115 Eugenio
1134 3022 1187 3093 lV.
1197 3027 1280 3114 jussi
1323 3049 1328 3062 ·

169 3117 309 3190 essent,
337 3130 411 3175 eam
439 3110 701 3178 consuetudinem
728 3111 873 3180 libentius
896 3112 1093 3194 servandam,
1119 3134 1216 3206 quam
1238 3134 1279 3181 ea

195 3195 311 3265 abolita
333 3194 468 3264 salutem
490 3197 668 3288 augendam
690 3211 860 3269 censerent

265 3364 323 3414 vit.
342 3368 421 3423 ttoso.
439 3352 459 3413 l.
477 3378 501 3424 u.
520 3368 580 3414 280.
616 3369 654 3415 Lo
677 3367 756 3424 Quian
773 3369 907 3419 Dissertat.
929 3371 1048 3422 Damaso·
1070 3372 1096 3420 tn
1119 3370 1200 3429 tostm
1219 3372 1278 3422 edit.

195 3437 260 3495 opo.
277 3438 397 3486 Damaso.
415 3439 444 3486 Τ.
462 3440 481 3485 1.
500 3449 525 3494 o.
545 3439 587 3486 tt.
606 3438 649 3486 86.

385 4293 474 4304 —-....

530 4353 616 4435 ‘lypis
632 4353 716 4414 Julii
744 4355 938 4417 Sittenfcld.
