2714 4912
642 352 862 419 ..20-

205 512 355 583 >centiam
373 507 600 602 'explorandam
618 506 846 576 Eucharistiam
867 529 930 600 quo
977 528 995 574 e
1016 502 1184 595 adhibitam
1206 526 1291 588 esse,

221 625 318 691 saepe
337 599 480 690 legimus.
525 599 578 666 Sic
600 599 685 664 enim
705 596 904 685 Lotharium,
960 595 1070 664 otharii
1090 596 1291 687 imperatoris

222 690 331 771 silium,
353 711 427 756 cum
448 697 484 753 ut
501 687 540 754 de
551 685 741 753 Waldradae
756 687 923 753 concubitu
942 711 976 753 se
993 695 1157 751 excusaret
1170 706 1292 774 magno

224 803 300 848 curn
322 778 459 845 exercitu
480 777 616 844 Romam
643 779 800 867 profectus
821 785 917 857 esset,
945 774 1122 842 Hadrianus
1143 795 1226 864 papa
1248 771 1305 841 ad·

224 890 368 936 mensam
396 864 514 932 domini
541 863 691 932 accedere
719 867 844 957 jussum
872 867 916 950 ita
942 863 1095 930 allocutus
1125 886 1195 929 esse
1224 863 1290 929 fer-

225 967 291 1024 tur:
321 956 381 1038 „si
401 954 564 1022 innoxium
590 965 621 1020 te
644 955 807 1045 cognoscis
830 952 868 1020 ab
889 953 1051 1020 interdicto
1072 951 1126 1018 tibi
1148 975 1166 1017 a
1187 950 1291 1017 Nico·

224 1044 276 1112 lao
305 1042 447 1111 adulterii
474 1040 592 1111 scelere
620 1053 651 1109 et
671 1044 733 1110 hoc
754 1041 816 1108 fixa
836 1053 941 1109 mente
963 1052 1036 1122 stat,
1063 1050 1099 1106 ut
1125 1061 1294 1130 nunquam

226 1132 336 1201 diebus
357 1133 439 1200 vitae
460 1141 533 1197 tuae
554 1130 746 1199 Waldradae
768 1130 887 1223 pellicis
914 1142 989 1197 tuae
1016 1130 1174 1196 miscearis
1201 1131 1293 1194 nefa-

227 1224 275 1292 rio
298 1221 474 1304 concubitu,
495 1218 677 1287 fiducialiter
706 1221 837 1302 accede,
867 1229 898 1287 et
924 1229 1155 1286 sacramentum
1184 1215 1295 1283 salutis

228 1322 373 1378 aeternae
389 1310 443 1376 tibi
460 1310 500 1376 ad
515 1311 730 1376 remissionem
746 1320 947 1400 peccatorum
962 1310 1158 1399 profuturum
1177 1308 1295 1395 accipe.

228 1401 266 1468 Si
287 1409 393 1465 autern
414 1400 457 1465 ita
476 1401 510 1476 in
531 1409 636 1464 mente
658 1409 712 1465 tua
733 1400 873 1492 posuisti,
892 1408 928 1464 ut
950 1397 990 1464 ad
1010 1395 1177 1462 moechiae
1199 1395 1295 1461 velu-

227 1488 353 1555 tabrum
374 1485 495 1569 redeas,
517 1511 719 1577 nequaquam
741 1511 866 1554 sumere
907 1509 1079 1566 raesumas,
1099 1508 1141 1551 ne
1157 1487 1234 1550 forte
1251 1483 1296 1553 ad

173 1645 178 1656 ,
227 1577 380 1670 judicium
401 1584 433 1642 et
454 1576 745 1644 condemnationem
772 1577 826 1644 tibi
854 1511 1011 1656 ardreniat,
1041 1573 1126 1664 quod
1148 1573 1295 1661 dominus
1328 1593 1332 1599 ·

125 1744 128 1752 Ι
228 1664 370 1734 fidelibus
392 1667 456 1732 suis
479 1664 518 1731 ad
539 1664 714 1733 remedium
736 1667 958 1756 praeparavit“
990 1662 1138 1733 Similiter
1154 1661 1296 1752 synodus

228 1754 485 1841 Vonnatiensis³)
508 1755 542 1823 A.
560 1758 633 1822 868.
654 1766 763 1823 coacta
784 1753 934 1821 decrevit:
957 1755 1081 1843 „Saepe
1102 1752 1236 1842 contigit,
1258 1760 1297 1817 ut

229 1845 263 1912 in
284 1846 479 1909 monasteriis
499 1846 580 1909 furta
600 1853 816 1934 perpetrentur
842 1854 872 1909 et
894 1844 948 1933 qui
968 1843 1175 1922 committant,
1200 1841 1296 1931 igno-

230 1942 353 2013 rentur,
380 1929 495 2013 idcirco
517 1934 696 2015 statuimus,
723 1943 773 2014 ut,
801 1932 926 2023 quando
952 1934 1013 2022 ipsi
1032 1934 1140 1998 fratres
1162 1929 1200 1996 de
1221 1927 1297 1994 tali-

119 2035 143 2059 ·“
230 2017 291 2088 bus
313 2043 348 2086 se
370 2011 545 2124 expurgare
567 2020 709 2105 debeant,
729 2024 826 2088 missa
847 2021 886 2087 ab
908 2020 1026 2088 Abbate
1049 2018 1221 2087 celebretur
1242 2015 1298 2084 vel

233 2107 273 2176 ab
297 2106 410 2198 aliquo,
433 2134 485 2177 cu1
505 2111 516 2176 i
539 2111 565 2176 si
586 2111 689 2178 Abbas
716 2134 829 2202 praece
854 2112 923 2191 erit,
951 2108 1165 2200 praesentibus
1191 2109 1295 2173 fratri-

232 2195 306 2266 bus:
330 2208 361 2264 et
382 2199 479 2266 sicin
500 2134 609 2266 ultima
630 2202 745 2266 missae
766 2133 971 2265 celebratione
993 2222 1049 2288 pro
1072 2197 1318 2288 expurgatione

232 2308 293 2355 sua
313 2310 428 2376 corpus
455 2298 487 2355 et
513 2289 696 2380 sanguinem
725 2286 840 2354 Christi
889 2272 1058 2377 ercipian·
1080 2295 1234 2376 quatenus
1260 2307 1298 2350 se

228 2377 414 2442 innocentes
437 2399 506 2441 esse
529 2376 717 2442 ostendant“
735 2312 932 2452 Secundum
950 2375 1034 2467 quod
1050 2374 1210 2441 decretum
1225 2373 1297 2440 Fri·

234 2461 359 2530 doricus
381 2462 632 2555 archiepiscopus
647 2463 808 2557 bloguntii,
830 2488 904 2530 curn
924 2467 957 2532 in
978 2464 1198 2555 conjurationis
1219 2485 1299 2528 con·

234 2561 283 2618 tra
305 2551 452 2618 Ottonem
473 2553 494 2620 l.
516 2556 614 2619 factae
636 2556 846 2645 suspicionem
866 2555 1073 2639 incurrissetl‘)
1095 2553 1129 2619 A.
1143 2554 1217 2631 948,
1240 2551 1300 2618 etsi

233 2655 362 2708 morum
384 2644 452 2732 ejus
473 2642 648 2709 deformitas
677 2654 709 2710 et
734 2645 880 2710 vitiorum
906 2642 1063 2731 turpitudo
1091 2649 1217 2732 apertae
1245 2662 1299 2706 es-

236 2739 321 2811 sent,
350 2754 405 2797 cor
428 2755 482 2800 ore
510 2740 542 2799 et
562 2733 713 2823 sanguine
734 2731 853 2798 domini
872 2729 1072 2823 percipiendo
1094 2753 1129 2795 se
1147 2728 1300 2795 liberasse

236 2817 355 2885 dicitur.
405 2756 484 2910 lpse
518 2831 643 2887 sanctus
670 2819 872 2888 Bemhardus
902 2817 1141 2888 Claravallensis
1175 2816 1299 2884 hostiae

176 2913 182 2938 “
236 2917 437 2974 consecratae
454 2908 583 2974 sanandi
598 2911 663 2974 vim
679 2909 820 2976 attribuit
847 2909 996 3000 Namque
1018 2908 1179 2976 hominem
1196 2928 1299 2997 quen-

237 2992 312 3061 dam
326 3019 390 3062 non
407 2996 552 3087 procula
568 3001 755 3066 monasterio
768 2997 992 3065 Claravallensi
1006 3015 1128 3064 veneno
1146 2996 1184 3062 ab
1199 3015 1300 3061 uxore

237 3082 379 3151 adultera
400 3087 582 3188 gravissime
598 3087 747 3152 iniectum
765 3088 805 3153 ad
822 3110 909 3153 aram
925 3087 1084 3153 admoveri
1097 3087 1196 3176 jussit,
1213 3084 1300 3172 ejus·

137 3248 139 3254 ,
238 3196 302 3262 que
323 3174 416 3264 capiti
434 3173 568 3240 hostiam
589 3186 802 3243 consecratam
821 3177 978 3266 imposuit,
1000 3198 1063 3264 qua
1084 3197 1194 3241 revera
1209 3169 1300 3238 vale·

236 3260 378 3327 tudinem
398 3264 571 3329 restitutam
597 3287 666 3330 esse
693 3267 787 3330 refert
813 3267 879 3353 ejus
895 3265 988 3330 -vitae
1017 3263 1153 3353 scriptor.
1195 3261 1301 3352 Atque

240 3349 458 3443 Gregorius
481 3374 638 3442 magnus,
671 3354 725 3442 qui
754 3351 912 3418 miraculis
946 3352 1034 3419 editis
1068 3353 1172 3420 tribuit
1221 3349 1299 3417 luri-

237 3458 343 3504 mum:
366 3438 437 3505 Hoc
459 3463 586 3531 quoque
608 3441 797 3522 audivimus,
818 3442 932 3532 inquit,
955 3441 1112 3532 quendam
1127 3375 1221 3531 'apud
1239 3438 1300 3505 ho·

238 3534 303 3591 stes
323 3529 356 3594 in
377 3530 550 3618 captivitate
571 3531 708 3621 positum
736 3541 766 3597 et
792 3532 826 3598 in
846 3529 978 3599 vinculis
1004 3529 1168 3622 religatum
1194 3529 1301 3610 fuisse,

240 3635 299 3716 pro
322 3638 385 3704 quo
408 3641 466 3683 sua
487 3619 602 3707 conjux
623 3616 732 3685 diebus
747 3620 838 3686 certis
852 3618 1036 3687 sacrificium
1052 3621 1181 3686 offerret.
1211 3618 1299 3686 Con·

237 3724 316 3793 Juge
341 3727 467 3773 reverso
497 3707 620 3797 quibus
635 3707 744 3773 diebus
772 3710 839 3796 ejus
865 3707 990 3776 vincula
1015 3706 1224 3786 solverentur,
1250 3708 1300 3774 in·

240 3792 354 3873 notuit,
381 3796 512 3884 ejusque
533 3797 648 3885 conjux
667 3794 737 3862 illos
757 3797 853 3863 luisse
875 3797 954 3878 dies,
980 3795 1154 3884 inquibus
1202 3817 1238 3863 ro
1261 3817 1301 3862 eo

238 3878 426 3965 sacrificium
448 3883 603 3964 offerebat,
624 3887 812 3976 recognovit
834 3895 890 3952 act
925 3885 1085 3974 (Sequitur
1099 3818 1211 3953 deinde
1225 3904 1299 3952 nar·

237 3970 326 4051 ratio,
347 3969 388 4039 de
408 3983 505 4039 nauta
526 3973 580 4063 qui
602 3995 620 4037 a
641 3975 802 4065 naufragio
825 3974 968 4041 divinitus
988 3971 1160 4065 prohibitus
1181 3976 1220 4043 sit
1233 3972 1299 4038 vir-

236 4063 303 4124 tute
324 4058 465 4128 sacrificii
484 4084 542 4151 pro
563 4084 602 4128 eo
624 4059 756 4148 oblati.)“
836 4122 843 4145 ,

307 4205 334 4262 at
351 4211 390 4260 cr.
408 4213 558 4259 aenaeam.
577 4211 676 4258 carno.
693 4211 886 4269 urreuengeru.
906 4217 934 4261 r.
952 4217 1064 4263 xxvur.
1082 4229 1106 4272 a.
1126 4213 1184 4259 rra.

228 4348 242 4395 ι
267 4358 284 4407 ν
304 4276 392 4399 ttalwtlt¹
406 4286 516 4333 uraeaer
532 4284 602 4332 ttttrn.
619 4285 688 4330 trata.
706 4281 817 4340 Ltrurgta
837 4288 855 4332 t.
880 4289 900 4338 1.
918 4299 943 4344 p.
962 4289 1005 4338 att.
1023 4289 1065 4334 31.
1088 4284 1224 4365 ttosptntqn
1246 4285 1263 4330 t.
1281 4284 1299 4331 t.
