2714 4912
423 310 780 404 „wo-

139 476 248 525 teutone
265 478 466 532 reinmarum
485 486 534 522 rou
551 485 577 523 v.
588 475 686 523 Κοειίιι.
704 475 798 522 Kome}
808 475 884 522 1884.
901 476 935 522 n.
953 475 978 522 ί.
1002 485 1028 530 ιι.
1044 470 1106 522 m.
1125 474 1169 522 24.
1188 468 1215 521 et

139 558 204 601 uuae
226 551 313 593 eontra
330 547 447 593 dtsserutt
464 546 566 595 cremer
587 546 624 593 tn:
649 546 772 593 Bossuet:
796 545 936 602 untertana
957 545 983 594 tu
1006 546 1046 592 dte
1063 545 1215 594 cesehtchte

137 619 181 664 der
193 620 264 664 Wett
280 617 330 662 und
346 617 460 672 Religion
477 620 538 665 'rom
555 617 589 666 V.
605 619 635 665 1³.
653 619 686 664 11.
704 627 729 671 n.
747 617 807 664 222.
926 611 928 615 ’
1201 610 1204 615 ’

207 686 239 741 tr)
257 688 348 734 torrem
364 700 389 742 p.
407 688 466 734 224.

207 750 230 816 ι)
248 760 338 805 niuem
356 767 381 814 μ.
399 759 459 805 ιιι.
533 813 537 824 1

207 824 243 886 ιιι)
263 828 559 877 'transsubstantiatione
579 827 685 886 nomtne,
704 829 769 882 quod
789 830 883 876 uernum
906 829 971 884 apud
991 819 1213 883 ttt'tdeoertunr

137 903 352 947 ‘turonensem
369 901 474 958 regnor,
497 906 578 946 temen
592 900 647 953 jem
664 904 722 945 ante
740 901 796 954 ejus
814 904 921 945 aetutem
939 901 976 946 ud
988 911 1044 946 εειι
1066 900 1212 961 doctrinm,

138 972 179 1018 out
196 977 286 1028 poster
303 971 326 1016 id
344 983 433 1018 nomen
451 969 591 1026 tmpesttum
609 975 658 1030 est,
677 969 864 1026 stgnrreanuem
882 981 1027 1018 naussum.

392 1162 428 1226 11.
469 1096 631 1225 lterum
649 1161 743 1224 EJUS
762 1161 950 1226 ERRORIS·

627 1312 656 1400 s.
685 1317 716 1381 o.

224 1433 466 1504 Paschasius
487 1432 802 1504 Radbertus'llne
825 1458 886 1504 sec.
909 1435 1011 1502 octavi
1033 1436 1122 1522 (786)
1144 1434 1207 1504 lru·

137 1524 300 1594 mililoco
328 1527 613 1611 natus,-(i0rtasse
640 1527 672 1592 in
701 1525 778 1593 urbe
786 1576 794 1607 ,
818 1549 899 1616 quae
914 1523 1077 1591 Basoches
1099 1549 1116 1592 a
1140 1523 1211 1615 pel»

136 1614 229 1702 latur)
252 1614 337 1704 apud
360 1636 464 1680 sacras
491 1615 538 1680 vir
559 1617 625 1681 'nes
649 1616 932 1698 Suessionenses¹),
957 1612 1070 1704 quibus
1093 1549 1206 1681 Tbeod

137 1705 213 1771 rada
241 1705 346 1793 regiae
375 1704 490 1793 stirpis,
526 1638 631 1770 ngroli
653 1705 760 1794 magni
791 1702 1032 1792 consanguinea,
1066 1704 1215 1792 praefuit.

138 1793 299 1872 educatus,
321 1791 490 1858 saecularis
512 1792 602 1872 vitae,
626 1793 677 1858 cui
700 1802 809 1882 postea
831 1815 865 1858 se
888 1791 1024 1873 dederat,
1046 1800 1208 1882 pertaesus

138 1880 269 1971 collegio
293 1879 520 1947 monachorum
543 1880 782 1984 Corbejensium
810 1881 956 1961 accessit,
986 1903 1121 1970 quorum
1150 1879 1206 1946 ab·

137 1969 242 2036 batem
263 1967 453 2034 Adelardum
481 1979 565 2036 tanta
593 1981 719 2037 cantate
748 1967 1006 2060 amplectebatur,
1034 1979 1071 2036 ut
1098 1979 1207 2060 postea

137 2059 200 2123 vita
217 2056 419 2124 describenda
435 2059 641 2149 gratissimam
658 2062 726 2150 ejus
742 2060 928 2125 memoriam
944 2060 1096 2124 retineret
1117 2057 1206 2125 Dum

136 2170 213 2213 vero
231 2148 331 2213 'inter
374 2146 433 2213 hos
475 2147 616 2215 coenobii
651 2150 752 2215 socios
787 2147 989 2227 versabatur,
1024 2156 1102 2213 teste
1139 2148 1204 2215 Sir·

73 2315 76 2322 ·
132 2234 294 2321 mondot),
316 2258 379 2302 non
401 2236 505 2302 minus
528 2238 648 2303 virtutis
672 2235 830 2317 colendae,
854 2259 949 2327 quam
963 2234 1124 2302 literarum
1142 2236 1203 2301 dis-

138 2324 310 2392 cendarum
332 2324 483 2413 flagrabat
504 2324 614 2390 studio.
657 2323 712 2391 lllo
736 2335 841 2390 autem
862 2335 1013 2414 ternpore,
1043 2348 1106 2414 quo
1127 2326 1206 2391 inter

137 2412 310 2479 monachos
321 2414 416 2477 vitam
431 2412 571 2503 degebat,
586 2411 825 2481 librumillum
837 2411 1042 2480 clarissimum
1059 2412 1105 2478 de
1124 2437 1203 2481 cor-

136 2524 231 2592 pore
248 2514 285 2569 et
301 2504 491 2590 sanguine
506 2500 623 2570 domini
640 2504 769 2594 scripsit,
786 2502 849 2592 qui,
866 2527 929 2592 quo
941 2525 1023 2568 anno
1040 2502 1143 2575 editus
1160 2503 1205 2580 sit.

91 2622 95 2626 >
137 2591 252 2655 avin‘s
274 2588 372 2655 doctis
394 2589 590 2681 disceptatur.
625 2591 845 2678 Arnatduse)
864 2590 1015 2658 Paschasi
1087 2592 1204 2659 n818.

136 2679 197 2745 scn'
221 2680 298 2745 sisse
320 2678 484 2760 contendit,
507 2679 591 2769 quod
611 2681 679 2773 ipse
701 2679 901 2771 profiteretur,
924 2703 994 2746 esse
1070 2704 1205 2785 puerum

138 2776 170 2832 et
191 2703 334 2834 dedicare
357 2767 482 2835 cuilibet
502 2793 616 2859 puero,
646 2780 678 2837 et
705 2771 745 2841 de
766 2768 872 2850 turbis,
895 2792 977 2860 quae
1006 2771 1201 2850 exstrtissent,

137 2866 406 2938 commemoraret,
427 2857 459 2923 id
482 2856 567 2947 quod
588 2859 628 2926 de
649 2859 798 2925 seditione
814 2857 974 2938 Bemardi,
995 2856 1099 2926 ltaliae
1114 2860 1204 2948 regis,

136 2943 371 3034 intelligendum
394 2956 484 3026 esset,
506 2945 641 3037 denique
664 2948 749 3037 quod
772 2946 915 3014 exsilium
931 2945 1084 3027 Adelardi,
1107 2953 1205 3037 quiet

136 3033 204 3122 ipse
221 3035 439 3122 conjurationis
457 3036 611 3126 particeps
630 3039 746 3117 suisset,
771 3039 844 3102 satis
860 3034 1034 3102 luculenter
1051 3034 1203 3126 significa-

136 3130 191 3187 ret
209 3122 274 3189 Sed
287 3124 402 3189 rectius
413 3122 697 3210 Mabittoniusd)
715 3135 747 3191 et
762 3126 941 3193 Cointius
960 3123 1205 3213 postAdelardi

136 3220 272 3277 mortem
295 3233 314 3278 a
336 3211 505 3279 Paschasio
527 3212 642 3280 librum
664 3215 814 3304 scriptum
841 3235 911 3279 esse
927 3211 1093 3295 ,dixerunt3
1120 3214 1203 3283 Ade·
1229 3212 1232 3219 ’

129 3296 243 3377 lardus
270 3323 345 3366 vero
375 3302 411 3378 ¹in
438 3299 582 3368 exsilium
611 3305 742 3393 ejectus,
770 3311 878 3391 postea
906 3312 1012 3368 autem
1039 3305 1205 3385 restitutus,

137 3388 172 3453 Α.
196 3393 269 3456 826.
290 3400 433 3455 mortuus
456 3401 510 3456 est.
555 3391 616 3458 Cui
639 3394 788 3457 successit
808 3389 912 3472 Wala,
932 3394 1026 3457 frater
1047 3394 1129 3482 ejus,
1194 3394 1205 3457 i
1242 3430 1247 3437 ·

137 3477 266 3565 quidem
288 3488 413 3568 propter
434 3478 593 3560 auxilium,
623 3479 707 3571 quod
729 3481 880 3547 seditiosis
901 3480 1052 3549 Ludovici
1074 3483 1116 3572 pii
1137 3479 1205 3549 ti''s

136 3565 262 3646 ferebat,
282 3569 315 3632 in
338 3566 481 3633 exsilium
504 3568 544 3635 ad
567 3567 674 3637 lacum
701 3569 878 3638 Lemonum
900 3571 1015 3636 missus
1037 3581 1091 3636 est
1136 3572 1203 3641 Cu-v

133 3655 186 3744 jus
220 3654 318 3743 exsilii
350 3667 498 3746 tempore,
521 3657 734 3747 Paschasium,
753 3657 867 3724 librum
901 3659 1059 3747 scripsisse
1094 3661 1204 3726 verisi-

136 3742 301 3809 millimum
324 3755 385 3826 est,
413 3748 430 3812 i.
454 3771 480 3812 e.
502 3746 536 3813 A.
561 3750 642 3828 8313
666 3769 704 3813 eo
728 3749 812 3813 enim
834 3770 916 3814 anno
937 3745 1088 3813 Ludovici
1110 3751 1207 3839 patris

118 3855 234 3923 'regno
263 3830 315 3897 [ilii
341 3831 460 3915 bellum
487 3834 663 3902 intulerunt.
708 3835 803 3921 Quod
830 3845 935 3901 autem
962 3832 1038 3902 illud
1067 3860 1148 3928 opus
1169 3862 1207 3906 se

136 3945 271 4013 puerum
293 3925 464 3989 confecisse
486 3924 656 4005 contendit,
685 3924 737 3992 vel
758 3924 894 3991 maxime
915 3926 1124 4014 reputandum
1146 3937 1205 4008 est,

136 4013 231 4077 etiam
248 4033 332 4091 eum,
354 4013 405 4077 cui
420 4012 502 4079 dono
519 4014 609 4093 dedit,
633 4014 807 4091 Warinum,
825 4011 977 4102 Corbejae
990 4038 1091 4081 novae
1105 4011 1202 4082 abba·

136 4108 215 4180 tem,
266 4112 379 4167 uerum
409 4101 572 4193 appellari,
600 4103 718 4192 itdque,
747 4122 821 4166 cum
850 4099 890 4166 ad
913 4103 1064 4193 ejusmodi
1085 4124 1204 4171 munus

137 4124 317 4255 obeundum
340 4200 424 4256 certe
446 4200 531 4256 aetas
552 4187 650 4275 vin‘lis,
668 4188 844 4256 necessaria
866 4192 919 4272 sit,
946 4191 1025 4259 tales
1047 4190 1202 4280 significa-

135 4276 235 4345 tiones
254 4279 357 4368 potius
379 4279 420 4348 ad
444 4276 653 4372 garrulitatem
671 4277 839 4369 quandam,
861 4304 957 4373 quam
972 4278 1011 4348 ad
1028 4281 1122 4350 animi
1137 4283 1200 4352 sin·
