2714 4912
465 345 806 418 '-36-

132 536 135 543 ·
163 508 338 581 secundum
361 505 451 603 quod
472 506 632 590 videntur,
659 505 711 576 vel
737 509 839 575 carris
866 509 989 662 species
1015 510 1048 577 in
1075 506 1139 578 illo'
1157 531 1244 602 parre

98 678 100 687 Ι
162 601 369 693 cognoscitur,
390 596 442 665 vel
461 599 494 665 in
514 597 568 666 illo
590 599 664 666 vino
687 599 808 665 cruoris
823 606 873 664 'un
896 620 915 664 a
935 608 1148 666 monstratur:⁴
1163 620 1243 669 cum

161 704 267 760 tamen
289 697 360 780 post
379 683 544 778 mysticam
563 687 835 756 [consecrationem
855 706 914 754 nec
936 689 1026 778 panis
1044 690 1112 779 jam
1128 686 1243 758 dieitur

160 803 220 848 nec
242 781 360 858 vinum,
382 776 438 842 sed
460 774 575 843 Christi
595 798 711 868 corpus
734 785 765 842 et
786 777 921 866 sanguis.
965 775 1053 843 Nam
1075 780 1101 844 si
1122 800 1240 847 secun·

160 869 238 934 dum
260 865 414 957 quosdam
434 861 637 956 figuratehic
657 862 743 945 nihil
755 865 912 955 accipitur,
932 862 990 932 sed
1011 875 1112 932 totum
1133 867 1167 934 in
1175 885 1241 934 ve·

159 960 248 1025 iitate
270 954 472 1049 conspicitur:
500 953 576 1042 nihil
598 951 741 1047 hicgsrde
763 975 844 1042 opus
867 963 927 1036 est,
954 955 1028 1044 quia
1049 953 1125 1022 nihil
1147 980 1162 1022 s
1185 956 1240 1024 iri-

159 1044 281 1113 tualiter
309 1045 437 1134 geritur,
467 1042 522 1109 sed
549 1041 700 1134 quidquid
730 1039 808 1108 illud
840 1053 901 1124 est,
928 1052 1029 1111 totum
1044 1104 1047 1109 .
1061 980 1241 1114 secundum

159 1157 275 1225 corpus
296 1133 455 1223 accipitur.
499 1131 544 1199 lta
565 1131 642 1199 nihil
663 1126 827 1198 absurdius
850 1155 948 1222 quam
970 1155 1086 1224 panem
1109 1155 1240 1203 carnem

159 1226 301 1314 accipere
324 1231 355 1288 et
375 1223 485 1287 vinum
506 1223 693 1312 sanguinem
713 1219 826 1286 dicere.
870 1219 940 1287 Nec
966 1223 1028 1288 ‘am
1050 1224 1240 1312 mysterium

159 1314 224 1393 erit,
246 1313 278 1377 in
301 1332 364 1399 quo
386 1307 464 1400 nihit
483 1312 609 1391 secreti,
630 1306 706 1390 nihil
728 1306 823 1375 abditi
844 1245 1056 1376 continebitur.
1093 1310 1136 1379 Et
1156 1336 1238 1403 quo-

157 1399 252 1468 modo
272 1401 339 1490 jam
363 1394 477 1464 Christi
499 1419 614 1491 corpus
642 1409 672 1466 ct
694 1398 822 1488 sanguis
839 1396 968 1480 dicitur,
996 1400 1029 1467 in
1058 1423 1121 1490 quo
1151 1400 1240 1469 nulla

156 1489 342 1582 permutatio
363 1489 447 1552 'facta
469 1483 689 1577 cognoscitur?
710 1487 749 1552 Aa
771 1487 846 1577 quia
859 1486 1052 1570 confitentur,
1076 1499 1106 1556 et
1119 1511 1239 1581 corpus

158 1590 189 1646 et
205 1578 391 1668 sanguinem
402 1573 516 1642 Christi
535 1599 619 1657 esse3
635 1596 695 1642 nec
710 1573 772 1642 hoc
788 1599 857 1642 esse
874 1578 1097 1666 potuissenisi
1112 1580 1239 1654 [actain

155 1666 268 1734 melius
291 1666 550 1746 commutatione3
570 1688 682 1755 neque
703 1664 763 1730 ista
791 1667 994 1732 commutatio
1024 1666 1237 1757 corporaliter,

156 1754 212 1824 sed
233 1752 428 1846 spiritualiter
448 1755 530 1820 facta
553 1754 606 1820 sit:
629 1775 760 1820 necesse
783 1762 837 1835 est,
859 1762 895 1819 ut
913 1757 980 1845 jam
1002 1752 1134 1846 figurate
1153 1759 1239 1826 sacta

156 1868 225 1912 esse
248 1844 375 1922 dicatur,
404 1843 585 1930 quoniam
607 1841 677 1908 sub
700 1839 926 1911 velamento
954 1846 1136 1933 corporei
1163 1869 1236 1950 pa·

153 1935 215 2001 nis
238 1929 376 1999 etvini
398 1926 661 2019 spiritualiter
681 1950 824 2024 corpus
847 1941 884 1998 et
906 1935 1065 2024 sanguis
1087 1933 1237 2002 Christi

154 2022 377 2089 exsistunt.“
398 2027 455 2085 eet.
768 2047 770 2051 ·

243 2111 298 2192 „Si
319 2108 409 2200 panis
431 2117 462 2173 et
483 2107 592 2176 vinum
614 2107 779 2199 superficie
796 2119 888 2178 tenus
903 2106 1097 2178 considerata
1111 2112 1236 2195 fuerint,

153 2208 295 2285 creatura
316 2207 398 2279 sunt,
419 2197 611 2263 mutabilitati
634 2200 888 2289 corruptionique
910 2197 1065 2290 subjecta:
1089 2202 1137 2268 sin
1157 2225 1235 2285 vero

153 2289 292 2379 mysterii
313 2284 478 2377 perpendis
499 2284 661 2368 virtutem,
688 2289 860 2369 vitasunt,
912 2287 1144 2378 articipantibus
1170 2293 1233 2357 im-

152 2375 370 2444 mortalitatem
389 2372 535 2442 tribucns.
579 2374 655 2440 Non
677 2399 752 2466 ergo
776 2386 850 2443 sunt
870 2308 962 2459 idern,
985 2377 1072 2466 quod
1093 2402 1232 2447 eemun-

151 2476 203 2531 tur
225 2475 256 2530 et
276 2462 452 2530 creduntur.
490 2462 675 2530 Secundum
698 2466 781 2531 enim
804 2465 890 2554 quod
913 2477 1092 2548 cernuntur,
1116 2490 1234 2560 corpus

151 2564 285 2647 pascunt
306 2550 511 2642 corruptibile,
532 2553 602 2643 ipsa
617 2551 841 2644 corruptibilia3
862 2554 1038 2622 secundum
1052 2579 1134 2623 vero
1145 2556 1232 2649 quod

150 2642 338 2799 creduntffi
360 2644 481 2708 animas
507 2652 642 2732 pascunt
668 2643 701 2710 in
729 2653 891 2711 aeternum
918 2645 1065 2727 victruas,
1089 2646 1230 2738 ipsein-

150 2757 243 2802 corru
266 2735 286 2799 ti
307 2733 385 2797 ‘'a“
404 2770 449 2780 ·-
1044 2758 1048 2790 t

152 2836 157 2853 ¹
238 2758 292 2904 ,lin
314 2818 514 2900 orationibus,
537 2839 620 2906 quae
641 2830 713 2911 post
729 2820 919 2889 sumtionem
934 2823 1073 2914 mysterii
1087 2824 1229 2914 corporis

151 2920 182 2976 et
208 2910 367 3000 sanguinis
395 2907 510 2975 Christi
537 2906 695 2991 dicuntur,
725 2911 770 2976 sic
798 2911 968 2979 sacerdotis
995 2935 1076 2980 voce
1104 2912 1227 2980 dieitur:

149 2998 270 3091 Pignus
293 3006 437 3066 aeternae
457 2998 539 3062 vitae
561 2998 733 3088 capientes,
761 2998 918 3068 humiliter
944 2999 1165 3092 imploramus,
1191 3011 1228 3068 ut

150 3088 236 3177 quod
257 3089 289 3154 in
306 3087 442 3176 imagine
460 3084 656 3176 contigimus,
678 3091 865 3155 sacramenti
884 3091 1047 3157 manifesta
1063 3090 1138 3158 olim
1152 3113 1226 3182 par·

148 3179 325 3268 ticipatione
346 3181 537 3242 sumamus.“
569 3173 611 3240 At
651 3178 744 3266 ignus
767 3187 797 3243 et
817 3180 923 3267 imago
947 3176 1071 3245 alterius
1085 3181 1130 3247 rei
1145 3189 1225 3261 sunt,

147 3263 179 3331 id
202 3276 332 3333 estnon
355 3262 459 3345 adse,
482 3259 537 3329 sed
559 3261 600 3328 ad
621 3200 705 3334 aliud
725 3266 903 3356 respiciunt.
940 3268 1061 3357 Pignus
1083 3271 1167 3336 enim
1187 3267 1225 3335 il·

148 3353 207 3421 lius
229 3355 276 3422 rei
296 3363 344 3420 est
364 3354 480 3443 imago,
502 3353 592 3442 cujus
615 3352 845 3421 similitudinem
869 3354 1008 3438 ostendit.
1044 3356 1226 3448 Significant

148 3445 232 3513 enim
251 3442 338 3509 illam
359 3462 437 3522 rem,
451 3441 550 3532 ‘cujus
571 3451 653 3522 sunt,
675 3465 739 3510 non
753 3444 916 3513 manifeste
930 3445 1104 3513 ostendunt
1129 3444 1225 3532 Quod

147 3534 230 3598 enim
252 3535 294 3598 ita
316 3540 372 3612 est,
394 3539 537 3620 apparet,
563 3530 650 3634 quod
670 3528 731 3598 hoc
754 3554 870 3624 corpus
892 3545 923 3602 et
950 3533 1002 3601 hic
1029 3537 1158 3626 sanguis
1180 3536 1225 3602 rei

145 3622 268 3687 futurae
289 3621 404 3711 pignus
425 3629 499 3684 sunt
521 3628 552 3684 et
571 3641 687 3711 tmago,
716 3630 760 3703 ut,
783 3621 869 3711 quod
890 3644 975 3691 nunc
1001 3647 1058 3714 per
1080 3623 1222 3692 similitu·

145 3707 250 3775 dinem
273 3707 456 3788 ostenditur,
482 3709 515 3773 in
542 3709 646 3774 futuro
674 3731 734 3798 per
759 3713 1038 3779 manifestationem
1058 3712 1222 3782 reveletur.

145 3836 189 3847 -—
211 3795 346 3879 Perfice,
366 3786 585 3884 'quaesumus,
610 3818 668 3886 per
690 3807 744 3864 tua
766 3811 960 3867 sacramenta
979 3801 1013 3864 in
1035 3799 1139 3884 nobis,
1164 3802 1221 3870 do·

143 3889 237 3968 mine,
250 3896 303 3967 ut,
330 3906 413 3980 quae
435 3907 520 3951 nunc
542 3887 647 3974 specie
674 3889 835 3977 gerimus,¹
853 3887 927 3954 olim
955 3910 1062 3954 rerum
1090 3891 1223 3958 veritate

143 3978 333 4068 capiamus.“
368 3970 482 4056 „Dicit
505 3972 591 4063 quod
613 3997 670 4065 per
684 3977 822 4066 speciem
844 3985 992 4065 gerantur
1011 3977 1079 4060 ista,
1100 4001 1164 4045 non
1185 3980 1219 4047 in

142 4067 271 4132 veritate
291 4065 309 4130 i.
332 4087 357 4131 e.
380 4086 436 4153 per
456 4061 702 4145 similitudinem,
730 4086 794 4129 non
821 4086 878 4153 per
898 4064 996 4154 ipsius
1018 4069 1064 4134 rei
1078 4067 1218 4134 manile·

140 4156 312 4220 stationem.
356 4151 513 4220 Differunt
534 4161 641 4216 autem
663 4171 683 4214 a
704 4172 740 4215 se
762 4152 883 4241 species
905 4163 937 4221 et
957 4156 1078 4222 veritas.
1125 4153 1222 4239 Qua--

137 4251 267 4398 plmpter
286 4264 402 4334 corpus
422 4251 454 4308 et
465 4237 605 4333 sanguis,
628 4234 714 4328 quod
729 4240 762 4306 in
779 4239 912 4311 ccclesia
928 4245 1052 4335 geritur,
1074 4240 1218 4313 differtab

37 4416 39 4421 ,
136 4354 147 4397 r
171 4352 191 4398 o
218 4351 351 4421 corpore
371 4341 405 4399 et
429 4329 591 4420 sanguiue,
613 4325 701 4422 quod
726 4328 909 4402 inebriato
930 4355 989 4426 per
1009 4336 1215 4407 resurrectio·
