2714 4912
499 271 738 372 455-

87 468 175 528 tanto
197 472 393 528 sacramento
420 450 542 552 praeter
565 462 780 550 quotidianam
795 462 993 542 memoriam,
1017 462 1169 553 quamde

85 547 156 638 ipsa
178 535 250 616 facit
272 548 413 631 ecelesia,
435 549 606 616 solemnior
629 573 665 617 ac
683 549 846 639 specialior
863 553 1024 617 annuatim
1043 575 1166 641 mern03

85 639 133 703 ria
155 636 336 720 celebretur,
364 649 487 706 eertum
516 637 556 702 ad
583 638 644 704 hoe
672 637 867 730 designantes
897 649 929 705 et
956 639 1167 710 describentes

87 725 181 806 diem,
198 726 342 794 videlicet
356 729 468 793 feriam
486 729 627 815 quintam
644 728 821 817 proximam
831 731 908 817 'post
925 738 1070 795 octavam
1081 731 1165 797 Pen-

85 823 236 882 tecostes:
266 817 362 893 utin
390 818 460 905 ipsa
488 817 595 904 quinta
623 816 701 882 feria
731 816 863 882 devotae
889 815 999 884 turbae
1027 817 1166 889 fidelium

86 913 214 993 propter
235 902 298 972 hoc
321 903 361 969 ad
384 902 532 970 ecclesias
554 905 723 971 affectuose
745 915 940 984 concurrant,
961 912 992 971 et
1012 915 1078 972 tum
1097 905 1163 986 cle·
1205 928 1211 934 ·

83 991 140 1056 rici
167 1015 265 1081 quam
294 991 403 1082 populi
432 991 604 1082 gaudentes
638 993 671 1059 in
706 994 827 1061 cantica
860 991 991 1058 laudum
1019 1006 1163 1087 surgant:

84 1089 161 1146 tunc
189 1083 274 1146 enim
303 1082 445 1147 omnium
474 1081 570 1147 eorda
599 1092 629 1149 et
656 1093 744 1170 vota,
774 1105 829 1148 ora
856 1079 1001 1172 labiaque
1028 1081 1163 1172 hymnos

83 1166 263 1256 persolvant
283 1167 596 1250 laetitiaes'alutaris3
618 1180 694 1237 tunc
739 1169 829 1238 'sallat
849 1168 935 1251 fides,
959 1193 1032 1260 spes
1054 1182 1162 1263 trepu-

82 1256 163 1335 diet3
186 1255 301 1323 exaltet
321 1256 463 1340 charitas,
486 1258 610 1326 devotio
633 1195 776 1347 plaudat,
800 1258 910 1351 jubilet
932 1258 1056 1341 chorus,
1078 1263 1161 1348 pari-

81 1353 130 1409 tas
149 1346 354 1434 jucundetur3
377 1357 453 1414 tune
476 1346 590 1438 singuli
612 1347 706 1414 alacri
734 1350 838 1415 animo
860 1370 1023 1437 pronaque
1047 1347 1181 1425 uolun-¹

82 1441 144 1498 tate
173 1437 374 1517 conveniant,
410 1459 468 1501 sua
496 1436 598 1502 studia
624 1435 821 1504 laudabiliter
854 1436 1056 1527 exsequendo
1085 1439 1161 1505 tanti

80 1521 149 1586 festi
170 1519 324 1589 solemnia
346 1522 547 1591 celebrantes.
586 1524 628 1591 Et
649 1525 769 1591 utinam
791 1526 832 1593 ad
863 1523 978 1593 Christi
999 1525 1160 1595 servitium

79 1609 125 1674 sie
148 1611 217 1695 ejus
238 1611 346 1678 fideles
368 1612 460 1679 ardor
480 1613 663 1694 inflammet,
691 1623 727 1678 ut
748 1636 806 1703 per
826 1612 906 1680 haec
928 1623 960 1679 et
982 1612 1041 1680 alia
1063 1615 1157 1704 profi-

79 1697 231 1765 cientibus
252 1701 328 1790 ipsis
350 1703 535 1768 meritorum
558 1701 693 1769 cumulis
721 1702 807 1792 apud
830 1725 913 1782 eum,
937 1701 992 1791 qui
1018 1723 1054 1768 se
1076 1702 1161 1772 dedit

101 1808 136 1852 ro
158 1788 195 1852 iis
216 1789 249 1854 in
295 1791 452 1872 emiciem,
481 1791 648 1882 tribuitque
671 1813 706 1857 se
733 1792 809 1881 ipsis
835 1792 868 1856 in
890 1787 1058 1880 pabulum,
1086 1800 1156 1858 tan-

78 1807 153 1940 iem
198 1887 247 1941 ost
267 1813 361 1966 liujus
382 1880 465 1945 vitae
488 1879 658 1947 decursum
679 1881 716 1945 iis
739 1903 774 1946 se
795 1881 828 1946 in
845 1879 1022 1969 praemium
1040 1877 1154 1970 largia·
1245 1897 1248 1904 '

77 1972 136 2028 tur.
174 1899 320 2056 ideoque
341 1968 574 2040 universitatem
593 1979 731 2035 vestram
751 1991 929 2049 monemus,
951 1977 982 2033 et
994 1965 1158 2037 hortamur

77 2052 109 2116 in
132 2049 258 2119 domino
281 2064 312 2119 et
333 2078 389 2144 per
411 2054 581 2145 apostolica
603 2058 717 2146 scripta
738 2057 770 2122 in
792 2059 904 2122 virtute
928 2061 1054 2124 sanetae
1077 2056 1154 2124 obe-

78 2139 212 2208 dientiae
245 2142 381 2210 districte
417 2143 636 2236 praecipienda
663 2143 851 2210 mandamus
877 2145 910 2209 in
938 2145 1155 2212 remissionem

77 2231 297 2318 peccaminum
306 2233 515 2323 injungentes,
535 2244 690 2324 qnatenus
702 2242 767 2300 tam
785 2229 946 2300 excelsum
964 2241 1072 2298 ettam
1083 2231 1152 2322 glo·

76 2320 196 2384 riosum
216 2322 331 2386 festum
353 2322 511 2412 praedicta
535 2324 641 2413 quinta
661 2322 737 2388 feria
767 2319 895 2412 singulis
925 2321 1014 2387 annis
1041 2320 1154 2389 devote

77 2415 109 2471 et
130 2404 308 2475 solemniter
330 2411 491 2477 celebretis
509 2422 540 2478 et
554 2413 671 2480 faciatis
688 2411 826 2478 studiose
844 2422 901 2501 per
916 2411 1080 2476 universas
1098 2433 1151 2478 ec·

77 2493 189 2561 elesias
210 2497 370 2566 civitatum
391 2510 568 2566 vestrarum
590 2511 621 2567 et
642 2501 833 2567 dioecesium
856 2498 1014 2580 celebrari,
1044 2498 1151 2566 subdi'-

76 2591 125 2650 tos
158 2596 281 2655 vestros
313 2589 346 2653 in
376 2587 532 2656 dominica
559 2589 673 2655 dictam
703 2591 845 2677 quintam
871 2589 980 2655 feriam
1008 2589 1152 2678 proxime

75 2673 297 2760 praecedente,
325 2673 511 2744 salutaribus
539 2678 664 2744 monitis
692 2677 821 2744 sollicite
849 2700 906 2765 per
934 2697 993 2741 vos
1020 2685 1052 2760 et
1074 2674 1152 2742 alios

75 2760 284 2845 exhortantes
306 2775 341 2830 ut
362 2789 419 2854 per
440 2789 549 2832 veram
572 2776 602 2831 et
624 2788 737 2856 puram
754 2765 991 2845 confessionem,
1012 2762 1150 2830 eleemo-

75 2871 227 2937 synarum
247 2849 451 2943 largitionem,
474 2864 605 2924 attentas
626 2864 658 2920 et
679 2851 806 2920 sedulas
834 2854 1003 2933 orationeS,
1032 2863 1064 2919 et
1092 2850 1152 2919 alia

73 2937 249 3027 devotionis
271 2952 302 3007 et
323 2942 444 3032 pietatis
467 2966 577 3032 opera,
604 2942 704 3009 taliter
732 2966 766 3008 se
788 2942 933 3009 studeant
954 2964 1151 3033 praeparare,

64 3026 160 3119 ¹quod
181 3026 274 3118 hujus
296 3031 508 3122 pretiosissimi
535 3033 720 3099 sacramenti
741 3041 917 3099 mereanter
937 3029 1148 3122 lierirpartici-

73 3137 131 3204 pes
152 3115 205 3183 itta
226 3118 285 3201 die,
307 3122 489 3210 possintque
510 3121 615 3209 ipsum
637 3122 796 3210 suscipere
817 3130 1000 3186 reverentur
1020 3141 1058 3184 ac
1080 3120 1150 3207 ejus

73 3206 187 3272 virtute
210 3219 415 3297 augmentum
437 3211 588 3300 consequi
609 3210 786 3300 gratiarum.
830 3208 900 3274 Nos
927 3208 1011 3272 enim
1034 3205 1149 3274 Christi

73 3291 182 3374 fideles
205 3293 244 3360 ad
266 3295 434 3362 colendum
454 3309 576 3364 tantum
597 3300 712 3364 festum
741 3306 773 3363 et
801 3294 1023 3364 celebrandum
1058 3294 1148 3361 donis

72 3381 215 3449 volentes
234 3383 443 3473 spiritualibus
464 3389 617 3466 animare,
645 3385 789 3452 omnibus
816 3407 891 3450 vere
919 3383 1148 3475 poenitentibus

73 3480 106 3536 et
126 3475 286 3554 confessis,
309 3473 363 3562 qui
384 3472 556 3539 matutinali
577 3476 647 3539 festi
668 3472 810 3564 ejusdem
832 3470 932 3538 officio
951 3474 988 3538 in
1006 3471 1146 3552 eeclesia,

72 3559 104 3625 in
134 3583 197 3649 qua
222 3561 309 3627 idem
338 3559 556 3641 celebrabitur,
582 3562 786 3641 interfuerint,
815 3570 959 3641 eentum,
987 3562 1041 3651 qui
1068 3583 1145 3628 vero

72 3649 198 3731 missae,
219 3649 356 3716 totidem.
403 3651 467 3734 Qui
489 3662 594 3717 autem
616 3651 649 3716 in
671 3651 778 3740 primis
798 3651 896 3740 ipsius
916 3649 1147 3805 festivesperis

72 3735 273 3820 interfuerint,
295 3738 433 3805 similiter
453 3750 594 3807 eentum:
619 3741 673 3829 qui
693 3762 769 3805 vero
790 3740 824 3804 in
844 3737 989 3804 secundis
1008 3742 1062 3805 toti
1236 3828 1237 3831 Ἴ

73 3821 119 3889 ttti
141 3848 225 3907 vero,
251 3829 309 3917 qui
348 3830 456 3910 rimae,
477 3830 592 3909 tertiae,
614 3850 726 3909 nonae,
747 3837 854 3894 sextae
876 3826 981 3895 officiis
995 3828 1143 3893 interfue-

72 3914 142 3993 rint,
164 3934 221 4002 pro
245 3852 381 4004 qualiliet
401 3916 551 4008 horarum
570 3918 712 4006 ipsarum
741 3917 950 4006 quadraginta.
991 3915 1054 3981 Illis
1084 3939 1142 3981 au-

72 4011 148 4083 tem,
172 4003 226 4091 qui
248 4027 304 4092 per
326 4016 453 4073 octavas
479 4004 561 4071 illius
589 4007 658 4072 festi
687 4004 932 4086 matutinalibus,
960 4006 1144 4093 vespertinis

73 4092 188 4179 missae
210 4112 248 4155 ac
269 4093 497 4180 praedictarum
525 4093 674 4161 horarum
703 4093 808 4161 ottieiis
835 4093 1039 4174 interfuerint,
1067 4117 1142 4161 cen-

72 4187 141 4244 tum
163 4180 240 4259 dies,
261 4180 390 4268 singulis
412 4193 593 4249 octavarum
613 4185 754 4273 ipsarum
781 4182 905 4262 diebus,
932 4182 972 4248 de
1000 4184 1143 4273 omnipo-

1085 3761 1144 3804 em.
1201 3763 1203 3768 ’

73 4269 163 4334 tentis
185 4269 236 4335 dei
257 4270 467 4336 misericordia
488 4294 525 4338 ac
546 4272 709 4342 beatorum
731 4269 943 4364 apostolorum
965 4274 1031 4361 ejus
1060 4271 1145 4340 Petri
1262 4329 1264 4333 .
