2714 4912
654 316 876 385 ..58-

227 490 268 536 lib.
287 490 331 534 ιιι.
355 488 385 534 de
407 484 582 535 ecclesiastica
606 483 748 532 hierarchis
771 484 810 533 sle
833 485 930 533 scribit:
954 484 1072 533 Pontifex
1096 483 1181 532 divina
1203 494 1309 532 munera

228 561 302 605 laude
320 565 545 637 prosequutus,
524 563 689 602 socrosancta
713 563 737 602 et
755 556 935 611 augustissima
952 558 1075 612 mysteria
1093 556 1203 616 conicit,
1227 577 1263 587 -
1283 562 1309 603 et

228 631 371 676 collaudata
389 643 426 682 εις
443 605 513 686 obeo
530 639 646 685 upsr=
611 628 688 673 -in
707 635 866 682 conspectum
884 627 948 685 agit,
973 649 1006 657 —
1033 632 1057 673 et
1080 629 1144 673 dona
1167 626 1308 674 secrillciu·

183 714 186 720 ·
228 712 282 746 rum
301 707 504 756 commonstrans,
523 700 670 745 adsacrum
693 699 792 744 litorum
816 699 1009 744 communionem
1033 703 1058 743 et
1081 697 1137 753 lpse
1162 696 1259 744 accedit
1282 703 1308 744 et

163 811 173 826 x
227 774 340 817 hortatur
358 772 430 817 allos.
466 771 537 816 ilaec
555 776 636 815 autem
655 769 771 824 utonyslt
790 773 875 825 verba,
894 769 973 823 inquit
990 771 1092 827 ivellus,
1110 769 1172 815 nihil
1189 769 1308 823 adprae-

227 850 324 888 sentem
342 852 444 887 causam
463 851 566 895 prorsus
585 840 687 900 iaciunt,
705 841 753 886 nisi
771 840 896 886 voluerint
914 841 1008 899 dicere,
1032 840 1094 886 nihil
1112 851 1190 895 posse
1207 850 1224 886 a
1241 849 1308 894 uuo·

229 925 303 967 uuam
322 914 347 957 in
366 918 524 966 conspectum
543 912 584 966 agi
603 912 658 958 sive
676 911 772 967 adduci,
791 912 840 957 nlsi
858 922 936 965 supra
953 917 1029 965 caput
1047 912 1165 957 atteratur
1188 916 1212 956 et
1231 913 1308 957 tolla·

228 991 268 1030 tur
286 984 312 1028 ln
330 984 442 1029 sublime.
480 983 512 1028 Ut
531 988 612 1028 auteur
631 986 703 1038 piene
721 989 745 1027 et
763 983 990 1037 cumulatepossls
1008 987 1032 1027 et
1046 982 1232 1028 fundamentum
1247 992 1307 1027 seu-

227 1065 333 1109 sumque
352 1059 439 1100 horum
457 1054 574 1108 utonysit
597 1057 729 1100 verborum
751 1059 776 1099 et
799 1064 944 1110 perversam
967 1058 991 1098 et
1014 1064 1105 1099 novam
1127 1052 1308 1108 nummulorum

227 1125 453 1179 interpretationem
471 1124 622 1183 perspicere,
641 1125 716 1182 scias,
734 1124 803 1170 itlius
821 1125 911 1170 aetatis
936 1124 1140 1169 consuetudinem
1162 1123 1256 1182 luisse,
1281 1127 1308 1170 ut

227 1204 410 1243 sacramentum
427 1198 453 1241 ιιι
471 1205 519 1240 uuo
538 1206 603 1250 pane
621 1197 742 1250 integrum
759 1196 785 1241 lu
800 1206 876 1248 sacra
889 1206 975 1241 mensa
990 1203 1132 1251 poneretur,
1151 1195 1241 1241 mundo
1256 1194 1307 1240 tin·

227 1273 267 1312 teo
287 1274 406 1324 opertum,
426 1267 503 1312 donec
521 1270 612 1320 pupulo
631 1267 826 1312 distribueretur.
861 1269 900 1312 lie
922 1268 972 1311 bae
996 1265 1147 1312 caerimonia
1163 1268 1306 1343 Pachyme-

227 1349 269 1384 res
287 1339 436 1383 scholiastes
460 1348 567 1391 graecus
591 1337 617 1382 ιιι
643 1338 733 1383 dictum
755 1341 837 1384 locum
861 1336 978 1390 Dionysii
1003 1337 1041 1383 slc
1064 1337 1161 1409 scribit·
1184 1317 1305 1413 'Asusa-

226 1391 469 1488 λιυιιτοιιενωνῌτων
487 1417 626 1463 saecutus
645 1391 730 1468 dcccv
748 1393 817 1464 μετιιὶ
833 1393 880 1461 τὰς
897 1391 996 1466 ευχᾶς,
1014 1419 1150 1463 μενονιων
1169 1392 1199 1451 de
1223 1418 1306 1449 κεκα-

227 1469 388 1536 λυιιμένων,
407 1491 452 1531 suc
469 1466 574 1550 καιροῦ
590 1469 771 1550 μεταιὴψεως
809 1483 847 1524 lta
872 1490 972 1533 quoque
996 1469 1123 1524 Maximus
1147 1477 1172 1524 ln
1181 1477 1251 1549 fsuls
1276 1477 1309 1522 sd

226 1552 257 1596 ιι
270 1552 287 1594 l
306 1549 407 1596 scholiis
425 1550 516 1602 inquit:
535 1563 575 1594 ort
593 1547 813 1605 κεκαλυιιμενον
830 1561 909 1606 εμενε
927 1535 957 1594 τὸ
972 1537 1054 1600 §stov
1069 1538 1167 1610 δωρον,
1181 1520 1227 1601 ἕως
1241 1559 1306 1591 και·

228 1608 285 1682 por?
301 1603 473 1679 μεταιιιξψεως
497 1626 521 1666 et
543 1621 647 1676 insuper
670 1621 749 1667 addit:
771 1633 820 1667 uon
842 1624 922 1668 sulum
946 1627 1060 1667 sanctum
1082 1632 1170 1676 panem
1193 1625 1308 1674 opertum

226 1691 315 1753 tuisse,
333 1702 388 1738 cum
407 1692 591 1750 produceretur,
611 1693 655 1738 sed
669 1703 767 1737 sacrum
782 1693 856 1738 etiam
871 1694 994 1752 poculum,
1013 1702 1088 1746 uuam
1104 1689 1306 1738 consuetudinem

226 1763 299 1807 hodie
318 1763 354 1808 ait
372 1762 523 1808 exolevisse.
560 1763 632 1807 ιιιιιιιι
649 1762 724 1817 igitur
742 1763 834 1808 veteris
853 1763 978 1808 ecelesiae
996 1761 1198 1809 cousuetudinem
1221 1767 1246 1807 et
1270 1760 1306 1806 rt·
1343 1796 1345 1805 .

227 1838 286 1890 tum,
305 1835 328 1879 si
346 1834 475 1888 diligenter
493 1833 648 1891 consideres,
673 1837 750 1879 verba
768 1833 884 1889 Dionysii
903 1833 984 1880 cuivis
1009 1838 1082 1878 erunt
1104 1835 1175 1880 clara
1198 1837 1222 1878 et
1246 1842 1304 1885 per·

226 1904 323 1958 spicue.
361 1904 558 1950 Commonstrare
576 1905 640 1949 enlm
658 1906 706 1950 hoo
727 1906 799 1951 modo
822 1910 847 1950 et
868 1906 894 1951 ιιι
917 1911 1077 1960 conspectum
1099 1904 1220 1963 proferre,
1243 1903 1304 1949 nihil

171 2012 176 2028 ,
226 1975 295 2019 allud
313 1982 363 2020 tum
381 1980 445 2033 erat,
463 1985 536 2027 quam
554 1974 630 2019 linteo
658 1975 777 2021 subducto
801 1976 899 2032 aperire
921 1981 946 2022 et
969 1976 1113 2031 praesentia
1141 1974 1221 2021 oculis
1244 1975 1304 2021 sub·

223 2045 304 2100 licere
326 2045 455 2101 mysteria.
490 2046 517 2090 si
536 2045 701 2092 Beliarminus
724 2049 790 2092 hene
806 2046 1034 2102 interpretationem
1058 2053 1171 2094 coactam
1194 2056 1225 2092 ue
1248 2045 1303 2090 vlo·

226 2119 319 2164 lentam
338 2128 396 2162 esso
414 2116 514 2172 dixerit,
534 2115 615 2193 ipsum
634 2117 720 2162 audiat
737 2118 896 2196 Dionysium
920 2118 960 2163 sui
979 2117 1060 2190 ipsius
1078 2117 1239 2194 interpretem
1257 2127 1303 2171 op·

227 2189 311 2233 Ιιιιιιιιιι
327 2209 361 2218 -
376 2201 422 2219 -·
416 2173 470 2232 τό
487 2174 541 2262 γὰρ
560 2169 809 2266 ἐγκεκαλυμμένον
827 2172 983 2269 οἷδιαῖρετον
1001 2166 1084 2248 ἄρτον
1102 2169 1303 2266 αναιιαλιόψαι,

226 2271 276 2304 και
292 2241 331 2332 εἷς
348 2245 443 2304 πολλὰ
460 2246 621 2315 ὅιελώνμ-
646 2245 681 2302 τὰ
696 2244 749 2314 μὲν
767 2241 1004 2317 ἐγκεκαλυμμένοι
1022 2249 1094 2319 ducet
1111 2240 1149 2311 εἷς
1165 2244 1195 2302 τὸ
1214 2239 1301 2320 ε’μιρα·

226 2341 271 2382 use
288 2308 380 2388 ιἰἷγει.
396 2330 462 2376 ιιιιιιι
480 2342 539 2385 ergo
557 2341 661 2384 prorsus
679 2329 819 2386 Dionysius
837 2331 894 2376 dicit
919 2331 948 2376 de
972 2331 1114 2376 elevatione
1137 2330 1237 2374 hostiae
1260 2341 1303 2376 su·

226 2411 274 2456 pra
291 2406 374 2458 caput,
393 2400 423 2444 de
441 2410 491 2452 uua
509 2405 549 2445 est
567 2399 746 2446 controversia.
781 2401 839 2445 Ideo
863 2407 947 2447 autem
969 2402 1090 2448 subducto
1116 2401 1191 2445 linteo
1215 2410 1304 2454 patrem

227 2472 347 2517 sacerdos
366 2470 474 2528 protulit,
493 2481 510 2515 a
528 2481 614 2516 mensa
632 2471 737 2528 extulit,
761 2476 785 2516 et
808 2475 899 2527 popolo
923 2472 1137 2531 commonstravit,
1162 2475 1189 2515 ut
1213 2483 1302 2517 couse-

226 2544 325 2588 cratum
341 2551 431 2596 panem
448 2543 562 2595 adeoque
579 2547 691 2605 paratam
709 2543 903 2590 communionem
920 2544 1050 2603 indicaret,
1069 2549 1093 2588 et
1108 2550 1135 2588 ιιι
1149 2544 1259 2597 populus
1273 2542 1303 2587 ad

226 2612 410 2669 percipiendum
428 2623 457 2658 se
475 2617 583 2671 pararet,
602 2619 677 2666 atuue
696 2613 727 2658 ad
745 2623 856 2660 mensam
879 2617 1017 2661 accederet.
1053 2617 1124 2661 liano
1147 2616 1178 2659 ub
1201 2624 1304 2659 causam

227 2685 266 2731 sie
283 2684 315 2729 ιιι,
327 2685 500 2738 chrysostomi
522 2684 624 2739 liturgia
647 2684 777 2731 scribitur:
801 2687 921 2751 sacerdos
948 2687 1053 2732 ostendit
1076 2688 1178 2732 calicem
1203 2687 1302 2747 populo,

227 2755 326 2803 dicensi
346 2766 400 2800 cum
419 2755 505 2801 timore
523 2756 569 2801 hel
589 2763 612 2800 et
630 2755 675 2800 ude
693 2760 718 2799 et
736 2756 865 2803 dilectione
883 2757 1000 2803 accedite.
1028 2758 1119 2803 liudem
1136 2766 1237 2809 quoque
1253 2755 1303 2800 lia·

137 2843 142 2856 ·
226 2827 301 2872 silius
318 2827 432 2880 respexit
448 2826 474 2871 ln
491 2827 553 2871 ilbro
572 2826 602 2870 de
621 2826 709 2880 spiritu
727 2834 815 2873 sancto
834 2838 873 2881 cp.
893 2830 935 2874 27.
953 2827 993 2872 his
1011 2827 1104 2885 verbis,
1124 2837 1190 2881 uuae
1209 2837 1226 2871 a
1244 2827 1303 2871 Bel-

226 2898 331 2943 larminu
351 2897 414 2941 dicto
433 2899 488 2942 locu
503 2896 626 2944 citantur:
645 2899 754 2957 verbum,
778 2898 866 2959 inquit,
886 2899 1064 2957 invocationis,
1088 2910 1143 2945 curu
1166 2898 1304 2943 ostenditur

226 2967 301 3024 panis
318 2967 476 3012 ltucharistia
494 2976 518 3013 et
536 2961 651 3023 poculum
670 2969 855 3028 benedictionis,
874 2971 930 3023 uuis
948 2977 1091 3016 sanctorum
1108 2970 1134 3015 ln
1152 2970 1245 3024 scripto
1260 2980 1302 3012 re-

227 3038 319 3091 ttouitt
338 3041 369 3082 ιιι
386 3039 417 3081 ad
436 3039 546 3091 ejusdem
563 3039 688 3093 liturgiam
707 3039 744 3086 sle
762 3047 861 3086 notatur
879 3044 905 3087 in
922 3041 1047 3095 margine:
1067 3042 1107 3087 hic
1121 3041 1242 3087 sacerdos
1255 3041 1303 3084 ho-

227 3109 302 3154 stiam
318 3108 447 3154 fractam
441 3121 467 3153 ιιι
490 3114 581 3163 patena
599 3111 724 3163 tacentem
744 3122 794 3157 una
820 3123 875 3157 cum
900 3116 990 3166 patens
1012 3114 1126 3157 sublevat
1150 3118 1174 3156 et
1197 3110 1305 3156 ostendit

227 3184 380 3234 populun-
398 3180 467 3234 Quod
484 3191 544 3225 tero
562 3181 616 3224 eod.
634 3183 690 3225 loco
708 3155 850 3226 Bellarrffln.
869 3183 1074 3237 chrysostomum
1093 3183 1166 3242 citat,
1190 3182 1234 3238 qul
1256 3184 1302 3226 ho-

227 3252 277 3298 mil.
297 3251 340 3296 ut.
360 3251 391 3296 ad
410 3253 526 3305 populum
543 3251 737 3306 Antiochenam,
755 3252 812 3297 item
831 3252 913 3297 homil.
939 3251 973 3298 36
992 3252 1017 3297 ιιι
1036 3253 1145 3298 corinth.
1164 3256 1185 3300 i.
1210 3259 1234 3298 et
1257 3255 1302 3299 ho·

227 3322 359 3384 miliarii.
377 3321 403 3365 in
421 3334 460 3376 ep.
479 3322 518 3367 ad.
538 3325 629 3376 ltphes.
647 3322 793 3367 mentionem
811 3323 871 3368 facit
889 3323 957 3369 itlius
975 3324 1053 3382 ritus,
1078 3326 1120 3378 uui
1138 3324 1204 3379 apud
1223 3326 1303 3369 Grae·

227 3406 272 3440 cus
291 3398 353 3451 erat,
372 3396 397 3436 ut
412 3393 571 3438 eucharistia
584 3401 775 3440 consecraretur
789 3394 821 3439 ad
836 3405 946 3441 mensam
958 3396 1023 3442 veiis
1040 3397 1168 3442 obductam
1183 3395 1304 3440 etdeiude

228 3465 337 3509 reductis
354 3462 419 3507 veiis
437 3466 528 3517 populu
548 3465 732 3510 ostenderetur:
756 3466 908 3525 respondeo,
931 3478 1013 3519 neuue
1035 3470 1082 3512 hoc
1105 3468 1205 3513 adrem
1225 3463 1303 3521 perti·

228 3547 301 3591 nere;
321 3533 497 3580 diducebantur
515 3534 579 3580 enlm
597 3536 663 3592 vela,
681 3540 709 3580 ut
726 3536 848 3590 mysteria
866 3547 882 3582 a
900 3541 998 3592 populo*
1016 3544 1167 3592 praeparata
1190 3537 1258 3583 cerui
1276 3535 1303 3582 lu

227 3615 315 3651 metesa
332 3611 442 3663 possent,
461 3612 486 3650 et
503 3607 694 3652 ostendebantur
711 3609 802 3661 populo
827 3618 914 3662 parum
936 3618 953 3652 a
974 3619 1062 3653 mensa
1079 3611 1186 3664 sublata,
1206 3620 1255 3653 nou
1276 3612 1303 3653 ut

227 3676 346 3722 sacerdos
370 3686 402 3720 ea
423 3687 500 3730 supra
520 3682 595 3731 caput
617 3680 737 3722 elevaret.
774 3677 818 3723 ills
842 3680 954 3724 omnibus
976 3679 1036 3724 illud
1060 3680 1132 3723 etiam
1156 3678 1302 3738 addendum,

229 3747 294 3802 quod
311 3747 478 3792 Bellarminus
496 3750 560 3794 hanc
578 3747 726 3793 elevationis
744 3748 919 3796 caerimoniam
936 3756 1030 3796 tantum
1048 3761 1082 3794 ex
1100 3748 1302 3802 patribusuroe-

228 3820 266 3865 cis
290 3817 402 3869 adeoque
425 3829 469 3864 cn¹
483 3819 610 3864 orientalis
633 3819 755 3864 ecelesiae
777 3822 956 3866 consuetudine
978 3822 1083 3875 probare
1106 3828 1222 3879 conetur,
1247 3833 1304 3868 cum

227 3896 310 3936 tamen
327 3900 376 3933 non
393 3888 489 3940 ignoret
507 3893 572 3937 hunc
590 3891 705 3934 elevandi
724 3889 856 3945 ritumjem
871 3892 927 3937 inde
948 3902 965 3936 a
978 3888 1097 3944 principio
1112 3891 1144 3935 ad
1158 3891 1303 3938 hodiernum

226 3971 308 4014 usque
327 3960 389 4005 diem
407 3959 431 4004 in
449 3970 541 4015 graeca
558 3961 667 4007 ecclesia
684 3971 809 4014 nunquam
826 3967 971 4016 usurpatum
990 3971 1059 4004 esse:
1083 3973 1132 4007 uon
1155 3962 1230 4014 igitur
1253 3973 1302 4015 pa-

226 4038 278 4077 tres
296 4032 333 4077 illi
351 4032 440 4077 Graeci
459 4033 487 4076 de
506 4043 539 4078 ea
555 4031 631 4078 locuti
650 4038 715 4089 sunt,
734 4033 778 4078 sed
797 4033 826 4077 de
844 4033 903 4089 alia,
924 4035 949 4076 ui
967 4030 1057 4076 dictum
1076 4038 1122 4078 est.
1149 4036 1188 4078 htx
1202 4031 1303 4079 Latinis

227 4113 288 4148 veru
307 4101 429 4174 patribus
429 4108 460 4173 et
478 4104 591 4149 humana
608 4103 716 4148 ecclesia
733 4104 827 4147 nulium
845 4102 941 4146 omnino
959 4110 1131 4156 argumentum
1148 4101 1254 4147 adducit.
1266 4125 1300 4136 -

229 4194 263 4207 -
281 4173 317 4218 Sit
336 4173 409 4226 icitur
419 4148 533 4226 ἐνὸειξις
547 4177 588 4219 vet
601 4173 732 4217 ostentatio
749 4171 791 4216 illa
801 4173 984 4232 Eucharistiae,
999 4175 1071 4227 cujus
1089 4173 1228 4225 trionystus
1247 4174 1301 4220 Ba-

229 4244 301 4290 silius
320 4253 342 4290 et
363 4245 557 4301 chrysostomus
575 4241 720 4289 mentionem
734 4241 836 4302 iaciunt,
854 4249 970 4289 vetustus
984 4245 1056 4304 ritus,
1075 4243 1148 4290 tuerit
1162 4243 1237 4289 etiam
1254 4248 1302 4291 boc

229 4327 278 4361 nou
296 4315 414 4362 inutiliter
431 4317 483 4363 iltis
501 4315 650 4371 temporibus
669 4317 825 4375 usurpatum,
851 4315 907 4362 sive
929 4327 984 4363 cum
1008 4328 1041 4362 ex
1060 4314 1212 4370 privaturum
1230 4319 1301 4364 obtu-
