2714 4912
569 343 791 410 -95..

144 513 218 593 tina,
238 509 368 576 minime
389 514 496 573 autem
517 500 652 571 obscure
666 509 699 568 et
712 497 885 581 enucleate,
906 499 981 591 quid
995 503 1135 586 senserit,
1154 514 1219 576 tra.

143 600 296 671 dideritvc
317 594 449 665 dicenda
470 595 516 660 sit
560 590 711 658 Decrevit
732 589 817 656 enim
838 587 926 656 bunc
943 591 976 656 in
997 591 1140 662 modum:

146 716 149 724 ¹
215 688 400 770 οὐδαμοῦ
425 681 503 746 mita
528 675 549 744 o‘
573 670 676 761 κόρος
709 677 787 741 mi'ra
814 672 846 740 ot
870 671 1050 744 Audorobos
1075 681 1099 763 'l
1125 681 1220 749 arari·
1309 658 1317 673 ⁶
1345 760 1353 769 ,

141 804 193 862 pac
213 768 329 841 εἰκόνα
348 757 441 837 εἷπον
461 765 524 850 τὴν
545 762 600 832 dooi
625 774 690 830 τσῦ
717 760 817 848 ἱερέως
843 762 1104 852 προςφερομὲνηυ
1125 767 1234 838 ἂναὶ.-

141 891 277 952 pransor
298 853 442 936 θυσίαν,
463 853 555 921 ἀλλὰ
575 851 659 919 αὐτὸ
681 863 784 939 σῶμα
803 850 864 918 καὶ
881 851 966 918 αὐτὸ
982 839 1072 941 αἷμα
1086 857 1146 923 καὶ
1161 860 1221 944 nod

141 980 210 1040 μιν
230 960 287 1035 ’τῆς
301 957 363 1015 τοῦ
380 944 556 1031 σᾉνιαςμαῢ
574 937 760 1052 subadmota
773 936 938 1008 animat
953 968 1020 1008 root
1034 955 1100 1012 τῶν
1114 944 1222 1031 ebrioso

139 1036 283 1125 πατέρων
310 1035 452 1120 εὐσεβῶς
481 1035 590 1111 ἔδοξεν
618 1031 851 1117 ὄνομαζεσθαι
880 1070 921 1084 -
952 1031 1057 1117 μετὰ
1078 1033 1118 1100 di
1146 1035 1221 1104 τὸν

140 1126 322 1235 ἁγιασμόν
344 1132 445 1210 σῶμα
465 1115 583 1206 κυρίως
600 1117 660 1186 aad
678 1105 815 1230 eriptaX.
833 1113 990 1205 adportas
1005 1118 1065 1186 seori
1081 1123 1146 1188 εἶσι
1162 1124 1222 1189 καὶ

140 1241 362 1295 stemmatum,
385 1209 482 1279 αὐτοὶ
503 1209 537 1275 δὲ
559 1209 591 1275 οἷ
611 1217 776 1295 primariae
798 1201 952 1285 &liberarer
972 1207 1035 1293 airu
1055 1219 1121 1278 suiv
1143 1239 1220 1278 σεπ.

139 1298 365 1370 τῶνῑείκόνων
385 1296 555 1384 ἀφανίσαι
576 1296 671 1376 θεὰν,
693 1293 806 1382 ἑτέραν
834 1292 950 1364 εἰκόνα
976 1295 1221 1387 παρεςήγαγον,

140 1391 209 1474 sibor
231 1392 297 1457 οὐκ
317 1385 414 1456 εἰκών
435 1389 514 1465 ἔστι,
536 1386 626 1453 attat
648 1395 750 1472 σῶμα
770 1383 830 1452 καὶ
852 1385 950 1474 αἷμα.

166 1602 168 1607 .
210 1563 249 1611 ct.
266 1563 370 1613 natat.
388 1561 483 1609 Atax.
499 1561 519 1610 1.
538 1561 557 1608 1.
575 1559 664 1624 th.
681 1557 723 1605 lt.
740 1557 782 1606 lt.
817 1558 1141 1616 cromnltxampwl.
1169 1563 1220 1608 Ar·

139 1635 227 1682 naula:
252 1636 291 1680 La
313 1631 453 1689 perusturos
476 1635 497 1679 Ι.
516 1632 542 1677 a.
565 1642 590 1687 p.
615 1627 679 1678 ωδ.
713 1630 832 1688 Boenasa
855 1643 880 1686 p.
899 1630 958 1677 86⁰.
994 1633 1087 1678 walch
1108 1634 1225 1680 ttntwurt

138 1704 208 1750 clner
225 1704 358 1750 vsusranu
375 1696 486 1750 Historl'o
504 1703 548 1748 der
559 1699 717 1747 Ketaereten.
739 1699 779 1747 ro.
798 1711 823 1757 p.
834 1701 894 1748 29⁰·
907 1699 968 1748 8⁰¹.
990 1702 1141 1748 Bossnct:
1161 1703 1220 1750 nln-

136 1775 233 1830 leitnog
249 1776 276 1820 ia
293 1774 334 1820 rllc
350 1766 500 1821 ttcschlcbta
517 1775 561 1818 der
572 1773 641 1819 Wclt
659 1772 710 1818 and
726 1769 842 1828 Religion
859 1772 1005 1828 lortgesetat
1025 1784 1074 1818 von
1093 1773 1221 1823 cremor

137 1848 206 1891 vom.
225 1846 258 1892 V.
276 1846 305 1889 Ρ.
323 1845 350 1892 8.
368 1855 394 1901 p.
411 1846 475 1892 ¹88.

382 2103 433 2166 ru
474 2102 700 2166 osunurrss
720 2102 817 2164 runs
837 2059 980 2166 naurs.

625 2237 655 2324 o.
683 2239 736 2304 aa.

225 2357 399 2430 Calamitas
432 2360 782 2428 transsubstantiationis
813 2358 954 2428 doctrina
988 2368 1080 2428 enata
1114 2370 1147 2428 et
1173 2384 1222 2445 ca,

137 2472 222 2543 quac
250 2449 290 2517 de
324 2452 388 2518 ima
411 2452 419 2467 ’
443 2448 513 2517 ‘bus
541 2449 681 2519 colendis
707 2449 823 2542 pugnis
851 2459 960 2518 exorta
988 2460 1037 2518 est
1068 2448 1221 2541 plurimis,

135 2544 179 2610 ita
198 2541 280 2606 inter
301 2560 337 2606 se
357 2560 396 2606 co
421 2547 536 2620 aerent,
557 2548 593 2605 ut
614 2536 701 2606 nullo
723 2539 819 2606 modo
842 2540 981 2631 separari
1009 2561 1104 2630 posse
1130 2540 1218 2607 vide·

136 2639 237 2697 antur.
261 2627 407 2698 Etenim
429 2637 464 2695 ut
485 2648 582 2718 supra
603 2626 677 2709 dixi,
699 2628 754 2717 qui
773 2630 927 2718 imagines
948 2626 1146 2696 venerandas
1161 2629 1218 2694 de-

135 2727 319 2800 creverunt,
340 2719 471 2809 1quique
504 2724 716 2809 negaverunt,
748 2716 844 2782 iidem
871 2715 1221 2784 transsubstantiationis

135 2806 311 2875 doctrinam
332 2817 388 2873 aut
408 2804 621 2897 probaverunt
642 2815 698 2871 aut
717 2803 972 2896 repudiaverunt
1015 2804 1126 2897 ltaque
1148 2828 1218 2873 cer·

136 2897 255 2963 tamma
276 2916 296 2961 a
315 2892 474 2962 nonnullis
493 2896 539 2960 irn
580 2894 744 2977 tatoribus,
766 2892 807 2961 de
829 2894 943 2982 quibus
965 2894 995 2980 ξ.
1009 2897 1062 2961 31.
1083 2893 1219 2970 breviter
1272 2952 1282 2971 ,

136 2983 291 3066 enarravi,
312 2981 353 3050 de
373 3005 424 3066 eo,
446 2983 500 3075 qui
556 3007 596 3051 eo
618 2981 734 3065 debuit,
755 2986 863 3050 statuis
886 2993 918 3050 et
937 2980 1051 3051 tabulis
1072 2982 1218 3051 babendo

135 3071 257 3141 honore
270 3070 324 3141 val
337 3076 478 3141 maxime
497 3071 699 3154 exacerbatis,
720 3069 806 3140 baud
819 3093 891 3141 raro
905 3074 996 3156 inita,
1012 3068 1051 3138 ab
1065 3074 1113 3154 iis,
1135 3094 1218 3163 quae

136 3158 177 3229 de
198 3161 395 3230 Eucharistia
417 3164 643 3230 sententiarum
663 3163 799 3229 varietas
820 3165 979 3243 excitavit,
1008 3162 1137 3227 minime
1159 3161 1216 3227 ba·

136 3248 242 3318 benda
263 3261 337 3318 sunt
355 3250 487 3320 diversa.
531 3250 683 3342 Namque
713 3253 767 3343 qrri
795 3274 836 3320 ne
856 3252 1012 3342 imagines
1033 3247 1219 3332 colerentur,

135 3340 244 3421 vetuit,
264 3337 351 3407 idem
364 3339 738 3409 transsubstantiationem
754 3342 960 3431 rejecisse,
982 3339 1037 3429 qui
1050 3338 1219 3421 mandavit,

136 3426 354 3496 tradidisse
374 3431 478 3496 fertur.
510 3427 638 3496 lllarum
657 3450 736 3496 vero
751 3419 972 3510 προφώνησις
987 3448 1063 3494 cum
1079 3427 1215 3494 aTbco-

137 3513 215 3585 dora
241 3519 275 3585 in
303 3538 399 3585 omne
426 3528 552 3609 tempus
587 3520 706 3585 sancita
735 3527 836 3601 esset,
868 3517 1216 3585 transsubstantiationis

138 3627 269 3695 quoque
291 3628 379 3674 error
398 3615 561 3698 tantopere
586 3609 785 3688 inveteravit,
813 3615 861 3688 ut,
895 3609 951 3698 qui
984 3630 1059 3673 eum
1087 3607 1215 3697 rejicere

138 3693 304 3777 audebant,
325 3716 401 3762 cum
421 3694 649 3785 imperatorum
669 3697 887 3763 auctoritatem
906 3697 1138 3778 imminuerent,
1158 3717 1212 3762 ca-

139 3779 226 3850 sibus
247 3784 637 3874 concuterenturacerbis
680 3784 791 3876 ltaque
810 3783 969 3867 haeretici,
996 3786 1051 3879 qui
1067 3787 1135 3877 jam
1156 3806 1212 3849 an-

138 3880 191 3938 tea
212 3872 403 3957 exstiterunt,
424 3875 575 3967 quoniam
594 3875 748 3967 imagines
769 3871 874 3943 colere
899 3873 1212 3954 transsubstantiatio-

137 3960 253 4050 uisque
268 3960 441 4031 doctrinam
461 3962 669 4054 comprobare
685 3962 887 4055 cogebantur,
908 3963 1076 4030 seditiones
1092 3964 1211 4053 saepis-

139 4050 218 4116 sime
229 4063 470 4120 commovenrnt
479 4055 612 4145 ejusque
622 4054 788 4135 seruitutis,
805 4075 868 4144 qua
879 4075 1025 4145 opressus
1036 4074 1092 4117 eos
1105 4061 1212 4118 tenere

139 4135 239 4205 voluit
258 4140 483 4231 imperatorum
502 4143 689 4225 immanitas,
706 4146 821 4235 jugum
836 4164 855 4209 a
869 4141 1044 4210 cervicibus
1057 4137 1213 4232 depellere

138 4225 341 4297 studuerunt
376 4229 432 4297 Sic
452 4231 537 4297 enim
558 4231 738 4314 pauliciani,
759 4236 851 4325 cujus
870 4240 975 4298 sectae
989 4229 1211 4298 Constantinus

138 4316 235 4384 tuisse
251 4317 432 4409 perhibetur
440 4319 589 4404 conditor,
601 4343 619 4390 a
630 4320 800 4394 Theodora
818 4321 992 4412 imaginum
1007 4317 1210 4389 colendarum
