2714 4912
488 368 706 429 ..3...

61 524 124 591 alia
146 527 238 591 tantis
261 522 489 591 difficultatibus
513 522 681 602 obstructa,
702 533 739 587 ut
756 522 823 589 non'
837 524 905 588 sine
922 523 1020 592 multo
1032 523 1139 593 labore

58 614 180 704 possint
192 614 339 681 amoveri.
360 613 444 680 Inter
452 633 537 702 quae
546 608 679 677 habetur
693 607 733 676 d'e
750 614 898 689 sanctis
916 635 1136 683 sacramen·

58 704 112 770 tis
135 703 282 774 doctrina.
328 701 381 768 De
403 699 607 768 sacramentis
629 701 712 766 enim
735 722 753 764 a
775 702 851 767 Jesu
870 699 995 773 Chn'sto
1016 705 1138 771 institu-

57 793 109 873 us,
131 814 205 859 cunr
227 815 292 859 non
315 790 419 858 solum
442 792 530 881 signa
558 789 618 854 sint
637 788 754 880 speciei
772 789 938 879 ‘cujusdam
959 791 1139 861 mortalium

58 881 218 961 mentibus
238 880 463 961 informandae,
492 875 667 945 sedetiam
696 879 761 943 vim
789 875 925 945 divinam
953 884 1139 965 contineant,

58 973 188 1038 omnino
211 952 277 1040 neit
298 993 364 1036 non
385 969 493 1071 potuit,
514 968 600 1056 quin,
622 989 686 1055 quo
708 967 836 1057 majoris
856 972 1007 1037 momenti
1028 995 1138 1038 aarum

57 1081 166 1126 rorum
189 1059 286 1127 altera
307 1056 484 1124 hominibus
507 1080 576 1123 esse
598 1056 769 1137 videbatur,
792 1079 830 1122 ec
853 1054 973 1123 facibus
993 1062 1139 1128 existeret
1194 1119 1197 1127 .

57 1149 174 1240 ingens
194 1148 364 1214 modorum
386 1145 517 1214 docendi
539 1145 707 1213 diversitas.
743 1146 846 1234 Atque
865 1167 941 1212 cum
961 1149 1073 1237 prioris
1085 1173 1137 1216 ec·

57 1236 176 1303 elesiae
199 1236 337 1327 magistri
358 1233 398 1301 de
419 1238 547 1318 ratione,
569 1259 652 1326 quae
669 1237 750 1302 inter
772 1237 897 1326 signum
927 1246 957 1302 et
979 1238 1138 1305 notionem

58 1325 199 1392 divinam
220 1323 429 1406 intercederet,
452 1327 565 1406 animo,
587 1335 623 1391 ut
644 1326 685 1391 ita
708 1323 818 1405 dicam,
841 1324 1030 1416 simpliciore
1050 1330 1138 1419 cogi*

58 1416 199 1494 taverint,
219 1437 324 1504 neque
346 1416 574 1481 accuratiorem
596 1416 663 1504 ejus
686 1402 923 1501 explicationem
941 1414 1138 1484 desiderave-

58 1504 128 1584 rint,
148 1523 211 1568 non
233 1512 318 1569 tanta
341 1527 483 1570 erromm
507 1504 596 1592 quasi
617 1501 756 1590 pericula
776 1505 873 1569 fuisse
888 1503 1059 1587 subeunda,
1081 1529 1137 1574 ne-

104 1615 122 1657 e
144 1601 229 1657 tanta
250 1594 420 1659 certamina
448 1590 684 1672 committenda,
714 1592 785 1680 quis
813 1601 873 1672 est,
908 1595 963 1683 qui
991 1593 1140 1661 miretur?

55 1682 176 1748 barrae
198 1682 379 1774 Scripturas
399 1680 461 1747 loci
477 1679 671 1772 legebantur,
693 1680 774 1747 faciti
789 1704 830 1746 ne
853 1681 915 1748 otio
934 1683 1136 1775 exponebam·-

55 1779 119 1851 tur,
148 1793 260 1837 eorum
290 1772 462 1837 sententiae
483 1793 584 1836 ¹verae
611 1767 740 1860 intelligi
767 1705 959 1839 videbantur.
1010 1774 1065 1840 Sic
1099 1767 1167 1840 de¹

53 1869 193 1926 sancta
215 1857 479 1939 Eucharistia,
501 1883 585 1954 quae
597 1858 790 1929 Christianae
814 1860 1000 1953 antiquitatis
1023 1860 1140 1929 ultimis

62 1947 258 2038 temporibus
273 1946 383 2017 uadiu
398 1958 478 2027 sunt,
500 1970 538 2012 ea
555 1947 654 2014 multo
671 1950 800 2038 propius
812 1948 851 2014 ad
862 1973 971 2016 voram
981 1952 1140 2021 notionem
1207 1984 1212 2003 ·
1298 1981 1303 1988 ·

56 2033 240 2103 aLutlrero
263 2033 423 2102 evolutam
446 2033 595 2102 accedero
623 2036 780 2118 videntur,
810 2060 907 2126 quam
930 2040 1138 2129 quaemedii,

105 2125 146 2192 od
168 2134 308 2204 vocatur,
331 2127 401 2191 aevi
429 2123 468 2190 de
483 2147 531 2202 ¹ea
554 2125 748 2191 comminisci
774 2135 971 2191 tentaverunt
990 2126 1141 2196 ecclesiae

55 2146 211 2282 ddctores.
232 2213 335 2280 Medio
348 2238 422 2282 vero
436 2237 524 2296 aevo,
540 2237 605 2303 quo
616 2214 791 2282 accuratior
802 2213 985 2304 dogmatum
1003 2218 1139 2306 cognitio
1152 2251 1163 2275 0

57 2327 77 2370 a
99 2301 209 2370 multis
229 2302 381 2393 acquisita
403 2315 458 2385 est,
481 2304 664 2394 saepissime
681 2302 799 2384 accidit,
821 2314 865 2385 ut,
888 2305 942 2394 qui
961 2302 994 2370 id
1010 2315 1139 2373 conten-
1198 2315 1203 2329 ¹

57 2391 181 2474 debant,
201 2393 235 2458 in
257 2394 510 2482 maxima,'quae
532 2392 915 2482 undique·imminebant,
934 2392 1137 2462 adduceren—

56 2492 110 2551 aar
138 2481 324 2548 discrimina.
369 2482 466 2549 Error
495 2484 576 2549 enim
606 2505 644 2550 ea
672 2491 773 2549 aetate
794 2482 886 2548 natus
912 2483 940 2548 si
954 2483 1140 2551 multorum

55 2581 301 2665 praeceptorum
327 2571 485 2638 nitebatur
513 2573 706 2651 auctoritate,
734 2580 771 2636 ut
797 2573 960 2638 communi
987 2573 1140 2640 ecclesiae

55 2682 218 2728 consensu
243 2659 510 2751 comprobaretur,
533 2683 570 2726 eo
593 2658 713 2725 facilius
733 2661 925 2740 inveteravit,
954 2684 1017 2747 quo
1040 2664 1142 2750 magis

55 2771 222 2839 paparum,
245 2752 300 2838 qui
324 2750 367 2815 de
388 2773 427 2816 eo
449 2749 534 2817 idem
555 2758 734 2828 senserunt,
763 2745 888 2815 laedere
916 2749 1140 2816 reformidave-

55 2849 130 2906 runt
153 2841 352 2927 majestatem.
385 2838 577 2928 Quicunque
600 2839 683 2906 enim
706 2861 842 2904 errorem
863 2835 991 2904 illorum
1009 2837 1140 2906 decretis

34 2992 37 2996 .
56 2927 212 2997 sancitum
235 2928 393 3016 aspernari
415 2927 580 3009 audebant,
602 2951 677 2994 cum
698 2925 794 3017 leges,
823 2927 936 3017 quibus
958 2951 1008 2996 res
1030 2927 1136 2997 eccle-

56 3017 199 3082 siasticae
221 3016 426 3097 continentur,
449 3015 606 3106 negligere
628 3016 815 3097 viderentur,
844 3041 908 3084 non
931 3015 1034 3083 solum
1058 3014 1135 3107 poe-

56 3128 115 3172 nas
140 3104 354 3172 acerbissimas
383 3106 631 3187 committebant,
659 3103 716 3170 sed
746 3106 840 3171 etiam
867 3106 901 3173 in
928 3104 1155 3195 plurimorum¹

58 3192 165 3262 odium
187 3193 345 3260 irruebant
367 3205 398 3261 et
420 3196 631 3261 offensionem.

151 3282 243 3367 Quae
265 3307 340 3350 curn
361 3284 404 3348 ita
426 3285 494 3365 sint,
517 3285 667 3372 quoniam
691 3281 733 3348 de
757 3305 949 3364 errorum,
996 3284 1035 3349 ui
1057 3307 1137 3349 me-

58 3371 119 3440 dia
143 3380 270 3438 aetate
294 3370 508 3437 doctrinam
532 3371 795 3438 Christianam
824 3369 870 3436 de
891 3306 1141 3438 Eucbaristia

58 3470 339 3553 turpaverunt,
379 3460 551 3550 origine,
594 3471 750 3540 natura,
792 3457 1014 3526 calamitate
1052 3459 1141 3526 inde

60 3561 172 3617 enata
193 3573 250 3641 pro
273 3548 390 3614 viribus
412 3548 584 3638 disputabo,
607 3548 645 3615 de
666 3549 759 3615 totius
783 3548 885 3637 operis
908 3547 993 3637 quod
1011 3546 1051 3612 ad
1071 3552 1140 3639 ejus

38 3639 256 3708 ›Sacramenti
284 3636 443 3704 historiani
474 3638 690 3727 exponendam
719 3636 929 3718 conscribam,
963 3639 1080 3704 ratione
1109 3648 1139 3705 et

60 3738 245 3820 argumento
268 3727 402 3795 breviter
424 3725 640 3792 disserendum
663 3724 799 3792 arbitror⁴
833 3725 1018 3793 Terminum
1036 3729 1139 3816 igitur,
1238 3793 1243 3804 ,

61 3839 169 3908 aquo
191 3818 312 3884 initium
333 3817 526 3882 sumendum
555 3818 608 3896 sit,
637 3814 800 3881 saeculum
824 3825 948 3881 sextum
977 3818 1139 3882 constituo.

60 3903 108 3975 Ex
133 3906 318 3992 Gregorii
342 3908 426 3971 enirn
447 3904 589 3992 Magni,
614 3905 667 3993 qui
690 3927 728 3969 eo
753 3902 878 3970 saeculo
897 3914 1037 3971 extremo
1056 3905 1140 3984 vixit,

60 3992 252 4084 temporibus
280 4017 405 4083 magna,
435 3996 459 4059 si
482 3993 637 4083 prioribus
660 3993 855 4073 conferimus,
885 3991 923 4058 de
947 4015 1046 4059 coena
1068 3991 1137 4058 Do-

61 4085 135 4151 mini
146 4081 370 4150 sententiarum
382 4083 542 4149 diversitas
560 4092 627 4150 orta
639 4084 704 4163 est,'
717 4105 904 4170 earumque,
929 4104 1011 4168 quae
1029 4091 1140 4169 postea

61 4171 99 4240 de
122 4195 161 4240 ea
182 4170 369 4250 ferebantur,
386 4173 562 4238 communis
576 4163 693 4263 'parens
709 4172 804 4239 fuisse
820 4170 897 4236 mihi
913 4169 1042 4237 videtur.
1063 4169 1139 4236 Duo
1172 4238 1173 4243 ,

61 4271 168 4328 autem
189 4260 341 4341 membra,
362 4260 394 4324 in
417 4284 498 4347 quae
521 4259 686 4351 disputatio
703 4261 771 4350 ipsa
788 4257 994 4348 dispertienda
1014 4259 1060 4340 sit,
1084 4283 1137 4326 ec-

61 4348 176 4419 clesiae
197 4349 326 4417 Latinae
349 4358 380 4414 ct
403 4347 542 4416 Graecae
565 4351 726 4438 opiniones
743 4347 880 4415 diversas
898 4368 975 4428 esse,
998 4370 1072 4414 curn
1088 4349 1135 4412 in-

456 4459 460 4474 ι
887 4438 931 4501 10
